2211 3228
208 320 286 352 120
514 300 1044 358 DISQUISITIO
1101 298 1201 344 DE
1257 299 1696 353 EPISTATIS

202 445 288 477 arte
317 432 374 475 usi
405 431 523 481 sunt,
554 439 604 471 ut
636 437 819 484 apertam
846 429 955 471 hanc
980 428 1060 472 sese
1093 429 1278 481 legitime
1309 428 1560 473 defendendi
1583 431 1691 475 viam
1716 433 1797 478 reis
1819 438 2006 489 praeclu-

207 504 374 544 derent:
407 501 577 550 Atque,
609 498 670 538 uti
701 496 897 538 cadentes
921 495 1080 549 vesperi
1103 498 1297 539 tenebrae
1322 507 1440 540 antea
1468 499 1648 551 quaesita
1680 500 1816 544 fuerat
1840 504 2003 557 caussa,

205 580 287 620 qua
318 568 471 609 civium
500 577 595 619 erga
632 568 760 607 duces
788 565 975 607 meritam
1004 565 1339 609 benevolentiam
1379 569 1700 612 calumniatores
1728 572 1893 614 fuerant
1922 585 2011 615 mo·

202 634 308 685 rati,
353 634 407 676 fic
442 634 570 676 altera
603 645 715 675 nunc
749 632 841 675 vice
876 634 1031 675 irritam
1067 636 1175 676 illam
1209 633 1390 677 reddidit
1430 633 1527 676 falsa
1556 635 1851 692 Psephismatis
1888 641 2008 682 incu-

199 702 329 753 satin,
362 702 505 753 quales
542 702 767 745 Oratorum
801 715 848 744 ac
881 703 1116 746 Rhetorum
1152 705 1264 755 doli,
1296 704 1392 755 ista,
1428 716 1532 755 quae
1563 714 1664 749 tunc
1687 709 1868 750 Athenis
1893 717 2008 760 erat,

196 783 335 812 rerum
366 770 637 822 conditione,
668 784 742 824 per
768 771 1068 825 jusjurandum
1102 773 1331 815 calumniae
1357 770 1443 813 fere
1477 784 1688 827 nunquam
1718 775 2004 828 impedieban-

196 849 281 882 tur.
354 839 469 894 Quid
505 840 612 884 enim
652 850 783 880 vanae
815 839 898 882 sine
937 828 1124 882 moribtis
1158 840 1386 893 proficiunt
1416 840 1584 894 Leges?
1624 841 1738 895 Quid
1764 845 1864 897 Jus,
1905 845 2007 897 quid

194 907 352 962 justitia
371 938 384 957 ,
415 908 488 949 ubi
520 908 629 950 inter
665 909 976 950 multitudinem
1010 919 1184 961 regnant
1210 910 1398 950 vomicae
1422 909 1462 949 &
1485 910 1765 953 carcinomata
1786 912 2008 955 liberarum

197 975 477 1026 Civitatiutn,
509 976 770 1031 aſjentatores
794 975 996 1029 publici?
1026 999 1085 1007 —
1114 976 1277 1016 Horum
1314 990 1335 1016 e
1369 988 1543 1017 numero
1572 975 1789 1020 Menecles
1820 980 1921 1023 falso
1942 984 2009 1036 J‘u·

194 1044 418 1097 rejurando
447 1044 646 1095 affirmat,
677 1043 715 1084 se
751 1043 862 1084 bona
889 1043 968 1085 fide
994 1044 1034 1086 ἃ
1063 1044 1145 1087 fine
1177 1042 1383 1086 calumnia
1402 1041 1641 1095 psephisma
1664 1043 1845 1099 Populi,
1876 1058 1923 1090 ut
1946 1050 2006 1091 vi-

193 1112 253 1153 tio
289 1111 445 1164 latum,
494 1112 808 1155 accusaturum:
854 1109 1264 1165 Comperendinatur
1295 1109 1462 1161 causs‘a3
1510 1110 1549 1151 δε
1589 1111 1689 1162 quid
1727 1112 1773 1155 fit
1802 1115 2006 1159 interim?

192 1180 389 1221 Socrates
411 1211 426 1232 ,
457 1194 531 1234 per
561 1194 690 1223 unum
716 1188 878 1222 tantum
912 1180 1019 1223 diem
1045 1181 1282 1235 Epistates,
1313 1189 1400 1219 non
1427 1186 1587 1221 tantum
1620 1191 1789 1223 munere
1819 1183 2005 1237 abierat;

189 1248 259 1290 sed
293 1249 523 1302 legitimum
551 1249 704 1301 septem
745 1248 902 1290 dierum
940 1248 1144 1302 spatium,
1180 1262 1264 1302 quo
1298 1245 1380 1299 ipse
1413 1259 1460 1289 ac
1503 1248 1701 1301 Collegae
1729 1251 1921 1303 ngosol'ef'm
1947 1263 2007 1295 te.

191 1328 395 1370 nuerant,
428 1326 522 1359 ante
551 1327 702 1359 novam
733 1329 903 1370 quoque
930 1317 1180 1359 concionem
1202 1325 1289 1358 erat
1311 1315 1510 1368 elapsum.
1568 1317 1628 1358 At
1649 1326 1842 1369 poterant
1868 1330 2006 1363 tamen

190 1400 239 1430 ex
270 1389 496 1433 eorundem
531 1387 760 1439 Prytanum
790 1384 986 1438 Collegio
1014 1384 1237 1427 succedere
1268 1385 1336 1426 alii
1360 1383 1560 1437 Proedri,
1588 1386 1693 1438 juris
1724 1397 1848 1440 atque
1884 1388 2007 1440 aequi

188 1457 301 1502 haud
323 1456 461 1497 minus
477 1465 660 1498 tenaces.
697 1452 812 1506 Quid
835 1463 923 1495 tum
938 1453 958 1494 22
981 1475 1039 1483 -
1065 1453 1382 1495 Submittuntur
1406 1454 1612 1509 composito
1638 1455 1730 1496 leui
1749 1455 1928 1498 Proedri
1949 1456 2006 1508 ᾧ)

186 1526 247 1569 ad
266 1522 401 1577 scelus
424 1524 666 1578 subornati.
723 1520 787 1561 lta
812 1525 921 1562 enim
952 1521 1136 1563 Axiochi
1162 1522 1290 1563 verba
1321 1521 1665 1574 interpretamur:
1700 1525 1747 1561 oi
1766 1523 1801 1562 δὲ
1825 1521 1906 1575 περ)
1929 1533 2008 1569 en-

185 1595 360 1647 &ge'vnv‚
397 1599 427 1648 “3
455 1591 675 1637 Καλλίξενον,
720 1593 760 1641 τῇ
792 1590 938 1641 ιῖςεροίιῳ
981 1588 1155 1642 Πξοέδξθς
1191 1588 1384 1635 &ncces-:85
1414 1591 1576 1641 ὁφένἹες,
1619 1594 1944 1645 κατεχειρστέιηνοεν
1976 1595 2008 1635 ἓ

187 1661 308 1715 adeam
340 1661 480 1706 ἄκμῖον
518 1664 682 1702 θάνοιγον·
710 1681 764 1690 -
805 1655 937 1706 lindio„
966 1657 1126 1705 sufflo»,
1156 1657 1322 1708 inquit,
1354 1656 1523 1709 quando
1552 1657 1747 1700 Ducibus
1780 1661 1830 1701 ad
1866 1660 2007 1714 Popu-

188 1734 276 1774 lum
316 1729 397 1772 reis
440 1729 552 1770 nulla
581 1739 658 1779 pro
691 1726 892 1779 dignitate
930 1725 1089 1767 cauflae
1119 1724 1301 1766 defensio
1338 1723 1474 1765 fuerat
1508 1724 1727 1777 permissa,
1757 1727 1824 1769 sed
1858 1742 2004 1773 omnes

187 1799 273 1840 una
306 1796 599 1850 suffragatione
634 1806 780 1836 contra
812 1793 950 1845 Leges
976 1795 1027 1834 ad
1062 1802 1238 1833 mortem
1274 1792 1474 1834 damnati.
1507 1813 1565 1822 —
1610 1792 2006 1841 HEMSTERHU-

186 1879 337 1917 Slus,
369 1863 488 1905 istum
524 1864 665 1904 locum
702 1862 944 1915 discipulis,
985 1872 1091 1912 quos
1123 1860 1230 1901 inter
1267 1872 1405 1912 eram,
1435 1860 1757 1913 interpretatus:
1802 1865 1836 1888 ‘⁶
1866 1867 2000 1910 Inter-

187 1965 223 1988 ‚,
255 1942 395 1987 pretes
437 1931 642 1985 (aiebat)
687 1932 768 1972 hoc
802 1943 955 1971 nomen
990 1929 1182 1977 ἐποίει-’19η
1218 1939 1363 1979 parum
1401 1928 1719 1972 intellexerunt:
1767 1932 1888 1975 Alter
1927 1935 2003 1977 ad-

186 2034 222 2057 „
244 2002 477 2057 striptitios
507 1997 662 2050 vertit;
711 1999 813 2039 alter
839 1998 1056 2051 subdolos.-
1098 1997 1244 2045 Ὓφιήμι
1271 1995 1311 2037 &
1344 2000 1510 2048 καθίκμι,
1552 2010 1574 2038 a
1609 2011 1693 2050 quo
1723 2000 2005 2052 compositum

188 2101 225 2124 ‚‚
256 2069 314 2111 est
343 2072 576 2120 ἐγκάθεπῷω,
616 2066 792 2109 vicinam
823 2067 975 2109 habent
1005 2066 1377 2120 significationem:
1419 2066 1541 2108 Prius
1575 2066 1632 2108 est
1666 2069 1899 2110 clanculum
1925 2073 2008 2114 ali-

187 2170 222 2193 „
251 2151 369 2194 quem
393 2137 655 2191 subornare,
688 2135 748 2189 sic
778 2145 824 2176 ut
845 2138 1010 2192 percipi
1039 2144 1242 2190 nequeat,
1272 2133 1379 2175 unde
1409 2137 1443 2177 is
1469 2134 1525 2188 sit
1548 2135 1796 2190 subrniffiu,
1839 2136 1895 2188 &³
1920 2148 2003 2192 per

188 2239 222 2261 „
245 2205 444 2262 fraudem
473 2204 578 2261 quid
596 2213 716 2258 agat.
777 2203 888 2244 Hinc
921 2203 1077 2253 ύφιένιᾳ,
1111 2216 1196 2246 non
1230 2211 1393 2243 tantum
1427 2203 1469 2244 in
1507 2204 1617 2246 bello
1654 2205 1726 2257 (e.
1764 2217 1826 2259 gr.
1854 2204 2003 2260 specu-

186 2305 224 2331 „
256 2277 427 2318 latorem
452 2271 626 2326 hostibus
647 2272 959 2326 submittere,)
1003 2273 1073 2315 sed
1101 2273 1225 2315 etiam
1262 2271 1312 2312 de
1341 2269 1434 2325 foro
1467 2271 1506 2313 δε
1541 2275 1733 2316 concione
1762 2274 2004 2320 adhibetur.

187 2377 223 2400 3,
251 2344 409 2387 Pariter
445 2340 599 2383 dicitur
627 2342 723 2394 quis
763 2341 914 2390 xuoaee'voq
953 2341 1076 2386 πολλὲς
1115 2345 1221 2393 <pinse
1254 2345 1300 2385 εἰς
1336 2341 1553 2393 ἐκκλησίαν,
1601 2344 1747 2383 multos
1777 2346 1928 2387 amicos
1956 2347 2003 2388 in

185 2446 218 2468 „
257 2415 485 2456 concionem
511 2410 787 2466 submittere,
818 2413 894 2465 qui
924 2425 1007 2454 rem
1037 2424 1087 2452 ac
1108 2410 1312 2453 commoda
1335 2420 1481 2453 curent
1505 2410 1620 2465 ejus,
1651 2414 1724 2466 qni
1742 2414 1832 2455 illos
1851 2413 2001 2467 subor-

184 2516 220 2537 „
252 2484 384 2524 navit.
443 2479 500 2521 Hi
520 2478 746 2533 fithornatt'
776 2488 985 2522 vocantur
1013 2479 1196 2525 tmeseia.
1389 2479 1604 2528 Ἐγκαθιέωᾳ
1633 2492 1718 2520 non
1751 2480 1875 2523 debet
1895 2496 1997 2526 con.

183 2584 217 2606 „
248 2550 370 2594 fundi
404 2560 499 2591 cum
535 2550 783 2605 ἐγκαταθέῶς,
818 2550 933 2602 quod
966 2548 1140 2602 ponitur
1180 2545 1229 2586 de
1262 2546 1339 2587 iis.
1385 2547 1457 2598 qui
1489 2550 1533 2589 in
1570 2547 1728 2601 insidiis
1755 2549 1994 2604 subsident,

187 2652 222 2673 „
246 2631 320 2675 per
355 2615 524 2670 insidias
558 2626 760 2671 captant3
791 2616 889 2658 hinc
919 2614 1159 2671 subleffores
1188 2614 1443 2656 dicuntur.²’
1637 2615 1695 2658 Et
1727 2630 1868 2659 revera
1897 2620 1999 2664 HE.

184 2696 435 2732 sYCHrus
469 2684 652 2729 ἐγκάθετον
684 2684 855 2737 exponit
877 2683 1005 2723 δόλιον·
1040 2684 1253 2727 SuinAs
1275 2683 1417 2735 δόλιοι,
1448 2687 1694 2725 κατάσκοπον.
1751 2685 1996 2743 Exemplis,

188 2767 294 2809 quae
325 2767 374 2796 ex
402 2753 595 2795 Patribus
624 2752 718 2794 sunt
749 2752 905 2804 petita,
936 2766 1085 2796 vocem
1117 2752 1279 2807 egregie
1312 2753 1615 2794 SulcERus
1650 2753 1841 2807 exposuit
1862 2756 1991 2803 Thes.

184 2822 350 2868 Eccles.
383 2821 512 2863 Tom.
544 2821 576 2862 Ι.
610 2831 705 2874 pag.
733 2817 832 2873 987.
892 2821 1108 2863 smnAs
1143 2820 1186 2862 in
1220 2834 1268 2862 v.
1301 2824 1490 2872 ngvro'aems
1521 2822 1811 2876 Fragmentum
1836 2825 1991 2877 habet,

187 2892 302 2947 quod
338 2889 548 2936 Henricus
582 2888 769 2933 Valesius
799 2888 979 2945 Polybio
1010 2889 1186 2935 tribuit:
1242 2891 1487 2938 Διωπιςοῖῖἰες
1514 2887 1551 2931 δὲ
1581 2892 1612 2932 οἱ
1644 2891 1829 2945 Πςυτάνεις
1860 2889 1914 2937 ἕέη
1943 2897 1992 2943 «ιξε

1928 2968 1995 3001 Φι·
