2211 3228
493 231 591 276 DE
649 227 1088 274 EPISTATIS
1148 228 1247 271 AC
1301 227 1730 272 PROEDRIS.
1955 243 2010 284 93

208 373 276 405 tus
310 362 580 414 Populusque
617 362 659 404 in
694 367 949 404 conventum
984 356 1174 408 coirent,
1215 367 1367 397 munus
1407 355 1521 397 suum
1554 355 1897 408 auspicabantur,
1939 356 2000 398 di-

214 432 327 474 miss‘a
370 430 574 472 concione
618 428 865 482 ponebant,
917 426 968 467 ad
1012 425 1296 467 conditionem
1340 426 1540 476 privatam
1578 424 1709 466 ilatim
1744 423 1999 467 redeuntes:

211 498 479 549 Omninoque
511 496 715 539 adsentior
742 496 1004 539 Consrno
1037 492 1232 537 scribenti
1254 491 1389 544 (Dill'.
1412 492 1487 535 VI.
1518 494 1559 545 §.
1589 491 1671 544 4.)
1729 492 1764 513 ‘⁶
1792 491 1937 545 Itaque
1960 492 2004 535 in

213 597 248 618 „
281 569 357 608 hac
394 565 641 619 hypothesi,
681 578 785 617 quae
823 560 924 605 mihi
957 560 1143 601 omnium
1177 558 1480 601 verolimillima
1515 559 1644 601 videri
1674 557 1804 611 solet,
1845 561 2004 614 duplex

208 665 242 688 „
273 633 548 677 Proedrorum
588 646 635 675 ac
668 632 955 687 Eptstatarum
990 638 1123 680 genus
1157 626 1321 667 admitti
1358 624 1507 676 debet3
1551 633 1597 665 ut
1627 627 1821 669 nimirum
1856 629 2001 671 decem

209 733 245 755 ‚,
276 702 449 743 Proedri
481 698 741 741 Contrihules
772 697 1048 744 haberentur,
1080 705 1129 734 ex
1163 692 1317 744 quibus
1347 692 1564 745 Prytaniae
1592 694 1778 748 Epist-ata
1812 695 2001 748 seligere-

210 800 244 822 „
275 779 367 819 tur3
400 767 468 808 alii
497 777 598 806 vero
633 775 783 805 novem
814 762 1201 806 non-Contrihules
1232 760 1312 803 ess'e
1351 761 1600 812 debuerint,
1641 775 1691 805 ex
1723 762 1875 814 quibus
1899 765 2005 808 alius

212 868 249 890 „
278 835 464 888 Epistata
497 832 746 885 eligeretur:
803 831 967 874 Priores
1007 830 1066 872 illi
1095 829 1268 872 Proedri
1299 829 1448 871 diebus
1483 832 1697 872 contlnuis
1733 831 1885 883 septem
1918 833 2001 875 hoc

209 934 244 958 „
275 914 442 945 munere
478 900 777 953 fungerentur,
809 898 1074 952 ipsorumque
1100 899 1274 952 quilibet
1303 899 1428 940 unica
1458 896 1587 940 solum
1624 900 1689 941 die
1716 899 1902 952 Epistata
1927 914 2004 943 vo·

210 1002 245 1025 „
279 980 469 1021 caretur3
501 965 747 1020 posteriores
773 966 840 1007 alii
859 966 1054 1018 Proedri,
1071 965 1336 1019 ipsorumque
1350 965 1563 1020 Epistata,
1587 981 1636 1010 eo
1651 968 1782 1010 solum
1804 971 2005 1022 temporis

209 1067 243 1091 „
273 1037 403 1091 spatio
419 1038 459 1080 id
476 1035 658 1078 muneris
681 1045 726 1075 ac
750 1031 922 1077 honoris
940 1035 1206 1086 obtinerent,
1232 1047 1316 1088 quo
1328 1034 1479 1088 Populi
1505 1035 1654 1077 concio
1675 1047 1956 1090 perageretur.
1975 1038 2004 1056 ”

259 1171 303 1224 §.
335 1170 388 1213 Il.
447 1169 568 1212 Nihil
598 1166 769 1210 omnino
805 1165 861 1208 est
892 1167 935 1209 in
972 1167 1081 1210 hisce
1117 1168 1281 1210 Corfini
1314 1168 1466 1221 didus,
1506 1168 1621 1221 quod
1647 1179 1731 1209 non
1761 1168 2008 1212 veriffimum

207 1239 428 1291 videaturg,
462 1238 525 1280 sed
550 1238 673 1290 longe
699 1233 834 1288 abest,
873 1246 920 1278 ut
951 1237 1126 1278 eundem
1150 1237 1350 1278 addamus
1373 1237 1577 1278 calculum
1599 1235 1819 1278 sententiae
1837 1267 1853 1289 ,
1884 1252 2008 1292 quam

207 1309 273 1350 vir
301 1307 538 1361 praeclarus
567 1305 767 1359 proponit
803 1305 852 1345 de
884 1304 1149 1357 quaestione,
1180 1315 1380 1356 quaenam
1416 1302 1566 1346 horum
1595 1303 1901 1360 Proedrorum,
1933 1310 2007 1361 qui

207 1388 273 1432 ex,
291 1386 442 1416 novem
477 1375 500 1415 'i
518 1373 724 1425 ribubus,
765 1373 962 1426 Prytania
991 1386 1075 1415 non
1109 1371 1414 1425 fungentibus,
1453 1371 1728 1424 legebantur,
1759 1383 1883 1427 atque
1910 1378 2010 1430 Epi-

206 1442 332 1485 statae
360 1454 408 1483 ex
438 1440 518 1483 illis
549 1442 861 1485 Novem-viris
895 1440 1034 1490 ducii,
1076 1449 1164 1482 tum
1196 1438 1412 1489 universe,
1450 1447 1537 1479 tum
1565 1438 1798 1490 praesertim
1823 1442 1865 1484 in
1894 1443 2011 1488 Con.

208 1511 331 1551 cione
361 1509 512 1561 Populi
539 1511 700 1560 Attici,
731 1510 888 1551 fuerint
921 1516 1091 1560 partes:
1125 1506 1243 1559 Quae
1267 1504 1468 1547 sententia
1504 1507 1840 1558 quandoquidem
1871 1511 1922 1554 iis
1946 1513 2010 1556 in·

203 1578 353 1621 nititur
372 1580 654 1630 argumentis,
689 1589 794 1629 quae
817 1577 912 1628 plus
938 1575 1058 1616 etiam
1081 1575 1263 1627 probent
1287 1585 1407 1624 quam
1435 1572 1637 1615 Corfinus
1660 1577 1838 1627 probare
1862 1581 2007 1625 volue-

202 1647 283 1697 rit,
328 1645 425 1687 hinc
459 1644 645 1697 fastum,
690 1655 736 1687 ut
768 1643 965 1696 Bingius,
1006 1644 1176 1684 eandem
1208 1643 1315 1683 viam
1345 1640 1538 1693 secutus,
1578 1642 1699 1683 ducis
1729 1642 1790 1684 sui
1824 1658 2005 1692 errorem

205 1728 319 1758 novo
351 1725 489 1765 errore
524 1710 815 1756 cumulaverit.
874 1709 1093 1754 Existimat
1127 1711 1283 1754 scilicet
1310 1707 1541 1761 Corfinus,
1572 1708 1611 1748 τὶ
1638 1711 1861 1765 ἐπιψηφίζοι,
1890 1715 1926 1755 ὡ
1962 1723 2010 1770 ,ᾗ

206 1783 328 1836 δήμῳ,
357 1782 440 1825 five
465 1783 670 1835 Populum
704 1781 748 1822 in
766 1777 980 1833 suffragia
1005 1782 1195 1831 mittere,
1226 1775 1466 1831 pertiuuiffe
1493 1779 1544 1818 ad
1573 1778 1829 1835 Epistatam,
1862 1787 1934 1838 qui
1956 1801 2006 1831 ex

204 1853 380 1894 novenis
406 1849 600 1893 Proedris
636 1846 1069 1889 non-Contribulibus
1111 1847 1344 1899 legebatur.
1417 1847 1453 1869 ‘⁶
1476 1846 1567 1900 Jam
1609 1849 1748 1891 nullus
1787 1852 2005 1900 dubitandi

204 1952 239 1974 „
269 1923 389 1963 locus
415 1915 616 1971 supererit
652 1914 821 1967 (inquit
854 1914 897 1956 d.
927 1914 1033 1957 Diff.
1073 1914 1149 1957 VI.
1194 1916 1236 1968 ἕ.
1277 1915 1377 1967 14.)
1419 1916 1520 1967 quin
1554 1918 1758 1971 ἔπιε-ατιΐι,
1798 1920 2007 1972 Epistatae

203 2020 240 2044 „
270 2001 440 2029 munere
478 1984 624 2037 fungi,
659 1980 889 2034 ι’πιψκφιζειι
920 1983 955 2023 ἐν
990 1990 1032 2038 τῇ
1052 1987 1170 2038 pezii,
1191 1983 1406 2038 suffragia
1431 1986 1474 2024 in
1501 1984 1655 2027 Senatu
1669 1997 1926 2044 perrogare,
1954 1991 2008 2035 ad

203 2088 239 2111 9,
269 2057 494 2109 Prytanum
524 2052 607 2095 five
648 2049 954 2093 Contribulium
987 2052 1196 2105 (decem)
1226 2051 1503 2094 Proedrorum
1535 2053 1799 2108 Principem,
1831 2059 1912 2100 hoc
1948 2061 2007 2103 est

205 2155 241 2179 „
271 2126 320 2167 ad
356 2121 575 2175 Prytaniae
611 2118 867 2172 Epistatam,
899 2119 1167 2173 spectaverit,
1211 2121 1278 2163 sed
1313 2118 1540 2172 ἐπιψηφίζῃ
1572 2121 1609 2160 ὠ
1639 2127 1685 2172 τῷ
1716 2121 1836 2174 δήμῳ,
1867 2127 2006 2180 Popu-

203 2223 240 2245 „
269 2195 352 2234 lum
384 2193 427 2232 in
448 2190 663 2244 suffragia
695 2189 888 2239 mittere,
920 2190 970 2229 ad
994 2188 1122 2230 solum
1151 2188 1376 2241 Epistatam
1405 2189 1518 2229 ilium
1551 2188 1694 2232 referri
1725 2192 1898 2242 debeat,
1930 2193 2007 2245 qui·

202 2291 238 2314 „
267 2272 316 2302 ex
345 2257 539 2300 Proedris
577 2255 664 2296 aliis
698 2255 944 2308 (novenis)
984 2270 1062 2297 non
1103 2255 1412 2297 contribulibus
1450 2256 1696 2308 eligebatur.
1757 2259 1855 2312 Quo
1878 2261 2003 2312 plane

203 2360 238 2382 „
267 2328 357 2369 fieri
386 2323 592 2378 potuisse,
623 2324 783 2374 riteque
817 2323 911 2364 inde
943 2322 1084 2365 inferri
1114 2322 1226 2376 posse
1257 2325 1451 2374 videtur,
1490 2334 1536 2366 ut
1562 2337 1626 2366 res
1658 2328 1701 2366 in
1731 2327 1886 2370 Senatu
1907 2331 2001 2381 qui-

204 2427 239 2448 „
270 2396 361 2437 dem
388 2393 590 2447 gerendas
620 2403 881 2444 proponere,
915 2390 1138 2433 Senatores
1171 2390 1281 2443 ipsos
1311 2389 1352 2431 in
1382 2390 1570 2444 suffragia
1598 2393 1783 2447 mittere,
1824 2398 1874 2438 ad
1898 2399 2005 2441 Con·

202 2496 237 2519 „
267 2464 441 2507 tribules
474 2460 682 2504 Proedros
713 2458 904 2512 speetass'e
933 2458 1148 2509 debuerit,
1183 2471 1246 2499 res
1274 2469 1374 2498 vero
1407 2460 1452 2499 in
1477 2459 1635 2514 Populo
1663 2460 1744 2504 five
1779 2463 2006 2510 Concione

202 2564 238 2587 9,
270 2531 471 2587 gerendas
498 2541 642 2571 curare
662 2558 676 2579 ,
709 2528 888 2569 Senatus
919 2527 1144 2570 Decretum
1173 2527 1242 2568 seu
1272 2526 1608 2569 Praeconsultum
1638 2529 1688 2568 ad
1711 2528 1917 2582 Populum
1940 2547 2004 2577 re.

201 2632 237 2656 „
265 2602 401 2651 ferre,
434 2599 641 2652 Populum
673 2595 802 2650 ipsum
824 2594 1112 2647 interrogare,
1141 2593 1404 2648 suffragiijus
1432 2594 1503 2647 ipsi
1529 2597 1783 2647 concedere,
1813 2597 2005 2654 suffragia

201 2699 238 2722 „
269 2665 508 2718 recensere,
539 2663 786 2718 posteriores
821 2663 889 2703 alii
921 2662 1093 2705 Proedri
1129 2678 1227 2706 non·
1248 2665 1505 2706 Contribules
1535 2662 1839 2707 consueverint.
1854 2667 1881 2684 '³
1937 2671 1998 2714 At

195 2749 298 2781 vero
338 2735 454 2777 addit
494 2732 724 2778 Corfinus:
775 2733 810 2756 ‘⁶
840 2731 1025 2784 ingenue
1069 2742 1206 2774 tamen
1248 2732 1461 2774 fatendum
1502 2731 1591 2783 est,
1638 2733 1774 2785 aliqua
1800 2735 1999 2779 Veterum

198 2833 238 2858 „
268 2801 498 2846 testimonia
532 2800 572 2843 &
604 2802 789 2855 exempla
823 2813 992 2854 quoque
1022 2800 1195 2845 subinde
1229 2812 1475 2856 occurrere,
1517 2814 1621 2855 quae
1651 2801 1865 2845 discrimen
1894 2806 2000 2849 iilud

1138 2867 1189 2910 M
1222 2882 1248 2924 3
1875 2901 1914 2926 „
1940 2871 2002 2916 fa-
