2211 3228
268 217 337 274 32
735 197 1581 256 oRATro

271 356 530 416 universis
571 352 727 421 otto,
772 353 973 409 indicta
1008 354 1216 423 caussa,
1257 356 1522 425 judicium
1548 356 1779 413 feratur:
1823 359 2027 432 Propo·

269 478 413 529 nitur
462 472 671 541 rogatio
727 471 775 525 &
824 469 1099 543 perfertur
1129 507 1148 536 ,
1207 476 1457 542 quamvis
1496 475 1618 532 Lex
1658 486 1913 543 vetaret,
1970 491 2029 532 ut

265 604 335 642 ne
380 586 765 641 scelestissimus
805 588 1029 657 quidem
1065 589 1337 643 inauditus
1373 589 1743 659 damnaretur,
1786 590 2027 662 essetque

266 716 548 774 praeterea
576 716 764 759 contra
792 720 952 757 omne
981 703 1060 759 fas
1087 721 1416 775 omnemque
1446 723 1653 761 morem
1671 748 1687 775 ,
1727 720 1788 761 ut
1815 707 1881 761 de
1909 709 2030 778 plu-

265 822 410 875 ribus
458 819 610 872 simul
652 821 756 872 reis
795 822 900 872 una
947 820 1322 889 suffragatione
1359 824 1594 891 populus
1622 824 2027 891 pronunciaret.

265 934 349 990 lbi
381 937 473 1003 qui
517 937 660 987 inter
694 934 947 999 Prytanas
988 933 1120 1000 juris
1159 936 1388 1001 aliquam
1420 937 1693 989 habebant
1722 938 1984 991 rationem
2005 978 2022 1004 ‚

267 1048 520 1103 obsistere
543 1089 559 1115 ,
602 1063 797 1117 negare
847 1048 900 1101 se
940 1048 1137 1102 Tribus
1168 1051 1379 1104 Atticas
1413 1051 1469 1102 in
1499 1050 1743 1122 suffragia
1768 1050 2033 1108 missuros,

265 1168 374 1233 At,
418 1167 511 1236 qui
543 1165 873 1219 concionem
902 1166 1201 1219 incitabant
1232 1166 1605 1221 Theramenes
1626 1207 1642 1233 ,
1688 1167 2031 1236 CallixenUS,

262 1283 397 1350 alii,
454 1282 682 1336 clamare
713 1322 728 1348 ,
785 1281 981 1350 Populi
1027 1283 1370 1336 voluntatem
1421 1281 1528 1335 effe
1582 1300 1681 1352 pro
1729 1283 1881 1351 jure3
1939 1283 2030 1349 id,

265 1398 414 1468 quod
464 1397 704 1466 Populus
737 1396 988 1463 juberet,
1038 1397 1279 1451 validum
1319 1397 1531 1467 semper
1575 1397 1682 1452 effe
1729 1416 1787 1453 ac
1825 1411 2030 1463 ratum;

264 1515 358 1584 qui
400 1513 554 1568 secus
592 1514 855 1567 sentirent
886 1553 903 1579 ‚
968 1513 1061 1580 qui
1117 1525 1304 1567 contra
1347 1515 1687 1580 niterentur,
1743 1516 1843 1567 hos
1887 1513 2033 1568 idem

267 1645 484 1685 manere
527 1629 854 1699 supplicium
895 1629 1044 1697 quod
1072 1629 1291 1683 Duces:
1334 1630 1475 1682 Tum
1504 1631 1705 1683 caeteri
1735 1631 2030 1698 PrytaneS,

267 1748 400 1814 quin
443 1762 633 1800 omnes
674 1745 897 1798 omnino
952 1746 1141 1810 civeS,
1183 1744 1276 1811 qui
1322 1745 1449 1798 huic
1495 1746 1549 1798 se
1593 1745 1902 1813 tempestati
1934 1761 2036 1815 po-

260 1861 434 1931 pulari
483 1861 888 1930 opposuerant,
944 1858 1291 1927 labefactari,
1350 1863 1573 1927 terreri,
1629 1862 1855 1930 incepto
1901 1861 2035 1914 desi-

265 1974 438 2043 stere,
481 1978 805 2046 promittere
836 1975 1113 2045 denique,
1157 1976 1423 2044 quidquid
1464 1976 1704 2046 Populus
1743 1976 2032 2045 scisceret,

266 2092 432 2147 etiam
487 2105 678 2148 contra
722 2092 935 2162 Legem
979 2090 1235 2144 facturos,
1329 2091 1488 2145 Solus
1536 2091 1653 2145 fere
1698 2093 1841 2145 inter
1885 2094 2036 2147 cives

259 2208 565 2278 intrepidus
606 2207 957 2278 perseverare
1010 2205 1479 2276 Euryptolemus3
1546 2208 1689 2262 solus
1733 2209 1874 2262 inter
1910 2208 2038 2276 Pry-

262 2334 408 2378 tanas
450 2324 828 2390 Proedrosque
872 2324 1129 2375 immotus
1175 2322 1405 2392 perstare
1447 2323 1729 2378 Socrates:
1776 2323 2026 2392 Cumque

262 2440 335 2494 ita
378 2438 491 2494 fors
540 2436 781 2506 tulisset,
835 2437 978 2507 quasi
1021 2439 1333 2507 exemplum
1383 2439 1693 2492 exhibitura
1727 2439 1830 2492 viri
1875 2438 2036 2492 fortis

258 2556 309 2610 &
354 2555 642 2609 constantis
685 2570 809 2608 cum
855 2554 1102 2620 civibus,
1148 2571 1312 2622 prava
1350 2554 1672 2622 jubentibus
1698 2594 1714 2619 ,
1759 2553 2028 2620 composi-

270 2672 346 2738 ti,
386 2700 442 2711 —-
492 2687 652 2738 cum,
709 2672 961 2739 inquam,
1016 2670 1089 2722 ita
1131 2667 1243 2722 fors
1277 2669 1515 2738 tulisset,
1568 2682 1629 2723 ut
1669 2668 2033 2738 Philosophus

260 2785 442 2842 noster
481 2803 548 2843 eo
593 2787 681 2842 die
725 2786 1085 2842 Proedrorum
1112 2786 1318 2856 primus
1354 2786 1535 2855 foret,
1578 2798 1739 2857 atque
1770 2784 1905 2840 adeo
1939 2785 2032 2837 Se-

1946 2915 2033 2953 na·
