2211 3228
514 285 614 331 Ao
661 283 1043 331 PR'OEDRIS
1099 284 1729 332 ATHENIENSIUM.
1971 301 2024 343 99

271 415 316 471 §-
345 411 405 456 V.
462 412 543 456 His
572 414 623 456 de
655 413 814 467 duplici
848 413 1060 467 Epistata,
1090 425 1139 458 ac
1169 415 1325 468 duplici
1358 414 1636 458 Proedrorum
1667 428 1868 468 numero,
1909 416 2019 460 deno

220 495 504 535 novenoque,
536 484 748 536 cognitis,
779 493 981 536 quantum
1019 484 1188 537 quidem
1217 482 1388 525 instituti
1417 484 1539 527 nostri
1573 485 1656 537 jam
1689 484 1769 524 fert
1799 486 1932 535 ratio,
1968 487 2027 529 vi-

216 552 419 603 deamus,
451 564 502 593 an
538 552 749 604 Epistatae
782 553 1173 602 Proedrorumque,
1205 552 1278 602 qui
1311 565 1333 593 e
1361 552 1612 606 Prytanibus
1642 561 1783 603 erant,
1814 564 1954 606 partes
1983 556 2026 597 in

219 619 427 661 concione
453 620 603 673 Populi
625 619 825 663 EDUAR
840 632 867 661 D
882 633 910 660 υ
925 632 947 660 s
979 619 1055 661 Co
1072 631 1095 659 a
1115 631 1160 660 ει
1176 632 1204 660 Ν
1220 631 1282 659 us
1302 619 1410 659 recte
1432 620 1616 659 retulerit
1645 616 1694 658 ad
1726 620 1911 671 alterurn¹
1926 621 2027 674 Epi·

215 685 357 729 statam
374 689 666 739 Proedrosque
687 679 854 729 Novem
871 709 886 717 -
900 685 1041 736 viros;
1075 699 1125 727 an
1148 686 1256 728 recte
1276 684 1345 725 illa
1365 684 1512 735 etiam,
1545 698 1650 738 quae
1675 686 1714 726 in
1733 689 2023 738 rogationibus

215 755 574 806 relationibusque
607 753 657 794 ad
691 753 889 794 Senatum
916 750 1264 807 Quingentorum'
1282 752 1524 805 praestanda
1548 763 1689 803 erant,
1724 751 1854 794 officia
1876 755 2022 797 iisdem

218 820 531 864 Novem-viris
554 819 748 862 tribuerit
767 819 845 862 CL
860 834 887 863 E
903 834 934 862 M
951 834 1055 863 ENS
1081 821 1112 863 B
1133 834 1143 863 1
1162 835 1258 863 2³01
1274 820 1370 862 us?
1399 820 1541 872 Atque
1563 822 1662 860 haec
1684 821 1850 872 quidem
1871 823 2026 874 postre-

212 899 279 930 ma
298 887 502 933 sententia
527 891 574 928 τῦ
605 887 798 940 παραδόξυ
816 900 898 931 tam
921 889 1058 932 vicina
1081 888 1162 941 est,
1193 899 1275 931 tam
1299 889 1508 932 universae
1530 891 1680 932 rationi
1708 890 1832 942 Reip.
1860 892 2025 934 Atticae

218 959 458 1007 contraria,
496 965 579 998 tam
610 957 779 1000 adversa
812 957 1056 1000 testimoniis
1086 958 1266 1012 ipsorum
1300 959 1422 1002 etiarn
1455 957 1868 1009 Grammaticorum,
1910 968 1953 999 ut
1983 960 2024 1001 in

211 1023 284 1068 illa
315 1024 575 1067 confutanda
597 1037 682 1066 non
705 1026 884 1068 multum
911 1040 1060 1081 operae
1090 1027 1332 1080 ponendum
1365 1026 1573 1069 videatur.
1632 1026 1810 1079 ngdmm.
1848 1025 1895 1066 τὶ-
1925 1024 2028 1063 δέκα.

210 1110 266 1134 σου
299 1094 420 1146 μέρΘο
449 1096 504 1134 τῖς
533 1097 642 1139 βὸλῖς
669 1095 700 1134 ff
732 1095 990 1135 πεντακοσίων·
1027 1100 1222 1141 πεντήκονἹοι
1257 1094 1372 1149 ἆνὲςες
1408 1092 1474 1134 Xan*
1500 1098 1580 1142 μιᾶς
1612 1099 1746 1145 φυλῆς,
1784 1095 1816 1132 οἱ
1843 1092 2025 1136 >aowin-25

210 1163 361 1203 ἅπαντα
389 1164 437 1200 vir.
468 1160 540 1201 ὀπὶ
561 1165 619 1207 ἐἷς
648 1166 757 1211 βκλῑῖς
782 1163 1033 1216 urgeor-trimum,
1064 1163 1250 1216 Heu-nivere
1277 1166 1446 1207 ἒκοιλὲιἾο.
1476 1167 1698 1220 ἒπςντάνευον
1724 1161 1760 1203 δὲ
1787 1164 1833 1201 eho
1857 1162 2025 1212 διαδοχῆς

212 1231 362 1272 &niam
392 1233 435 1271 ai«
456 1230 546 1269 32¹„ae
572 1230 688 1282 φυλοῳἱ
714 1233 974 1283 κληρολκχῧσοᾳ
1007 1234 1102 1272 κατ-αὶ
1133 1234 1292 1277 εἠοιυτὶν.
1350 1235 1377 1277 S
1395 1245 1569 1275 UIDAE
1603 1233 1697 1277 sunt
1717 1235 1843 1277 verba
1866 1246 1908 1274 V·
1933 1235 2023 1285 πςᾶ-

208 1316 331 1348 vam,
364 1310 414 1340 ex
437 1299 593 1352 quibus
614 1300 738 1344 ETY
751 1314 803 1342 M.
837 1300 904 1342 M.
937 1299 980 1341 in
1006 1301 1149 1344 eadem
1171 1316 1216 1344 v.
1250 1302 1373 1346 facile
1395 1304 1648 1357 corrigatur.
1679 1323 1736 1332 —
1766 1301 1899 1354 Igitur
1918 1301 2021 1355 Pry-

209 1377 354 1412 tanum
387 1366 498 1419 fuit,
527 1368 893 1422 Proedrorumque
927 1368 967 1411 δε
994 1369 1201 1422 Epistatae
1233 1385 1253 1413 e
1276 1371 1529 1424 Prytanibus
1547 1404 1560 1424 ‚
1591 1371 1860 1432 ‘Qgtingentos
1879 1371 2024 1411 mode-

206 1437 320 1488 rari,
350 1437 401 1479 iis
433 1436 639 1480 Consulta
671 1449 938 1490 proponere,
969 1437 1010 1478 &
1039 1438 1090 1479 de
1120 1440 1309 1482 universa
1346 1441 1454 1493 Rep.
1487 1442 1538 1481 ad
1569 1453 1642 1482 eos
1672 1440 1851 1490 referre,
1883 1437 2018 1477 διοικῶ

207 1501 352 1551 ἔοι-κῆαι
374 1507 422 1545 τὸ
443 1504 512 1544 ἀπὶ
532 1509 589 1549 τῆς
608 1508 719 1548 βολῆς
741 1506 968 1558 σι-ςοιθέμενκ.
989 1527 1048 1536 --
1077 1506 1159 1547 Sed
1183 1507 1278 1559 quis
1300 1519 1483 1559 unquam
1505 1516 1667 1560 praeter
1686 1507 1876 1560 Biagium
1902 1507 1951 1548 de
1977 1520 2020 1550 re

206 1573 426 1619 certissima
446 1572 755 1615 dubitavit‘2—
782 1574 924 1627 Quare
946 1583 1084 1615 autem
1104 1574 1342 1618 dubitavit?
1372 1584 1545 1629 propter
1567 1575 1676 1616 idem
1695 1585 1983 1627 argumentum
1998 1604 2016 1627 ,

208 1654 297 1695 quo
319 1640 523 1684 Corfinus
548 1641 773 1695 praecipue
803 1640 900 1683 usus
927 1639 984 1682 est
1003 1642 1053 1681 ad
1078 1645 1395 1685 convellendam
1416 1642 1626 1696 Epistatae
1653 1641 1694 1682 &
1713 1640 2019 1695 Proedrorum‚

205 1722 235 1752 e·
255 1710 518 1764 Prytanibus
535 1711 756 1753 ductorum
778 1741 793 1763 ,
825 1711 868 1753 in
894 1710 1099 1752 concione
1125 1710 1278 1763 Populi
1302 1711 1556 1755 moderanda
1578 1710 1882 1754 auctoritatem.
1940 1710 2019 1752 Ni-

204 1781 356 1823 mirum
390 1792 442 1822 ex
472 1779 616 1821 addito
646 1778 772 1822 Demi
802 1779 970 1822 nomine
999 1779 1202 1822 Corfinus
1234 1779 1486 1832 Biagiusque
1515 1781 1571 1822 ita
1597 1778 1692 1820 sunt
1715 1779 2019 1831 argumentati,

210 1848 325 1902 quast
360 1847 520 1890 necess'e
552 1846 679 1899 esset,
710 1856 757 1888 ut
779 1848 845 1890 vel
873 1847 1108 1900 Epistates,
1140 1850 1206 1891 vel
1230 1848 1466 1899 Proedrus‚
1494 1848 1561 1889 vel
1582 1846 1724 1888 Scriba
1749 1857 1799 1887 ex
1820 1847 1889 1888 illa
1922 1846 2019 1890 esset

210 1915 378 1968 Tribu,
408 1917 460 1957 ad
485 1927 610 1968 quam
646 1917 807 1959 Demus
835 1915 1089 1969 pertineret,
1119 1917 1231 1958 unde
1262 1917 1492 1958 diceretur:
1533 1915 1589 1956 Et
1616 1912 1830 1956 fatendum
1859 1915 1943 1965 est,
1974 1916 2018 1958 id

203 1983 367 2038 saepius
398 1982 624 2035 accidisse,
667 1985 763 2037 quia
800 1984 839 2026 &
871 1983 988 2038 saepe
1024 1985 1268 2035 accidebat,
1306 1992 1353 2025 ut
1387 1981 1506 2024 Civis
1539 1982 1669 2034 (cum
1698 1980 2018 2034 jurisconsultis

203 2052 324 2104 loqui
354 2051 418 2094 fas
449 2050 531 2104 fit)
562 2051 715 2095 Forum
741 2055 919 2110 originis
945 2054 1053 2096 idem
1084 2055 1254 2096 haberet
1277 2065 1324 2094 ac
1349 2052 1500 2094 Forum
1538 2049 1768 2101 domicilii,
1799 2049 1880 2092 five
1906 2052 2016 2094 utin

204 2119 353 2162 eodem
381 2121 519 2163 Demo
546 2131 875 2163 commoraretur
905 2130 1110 2175 perpetuo
1128 2152 1143 2172 ,
1174 2122 1214 2162 in
1239 2121 1363 2173 cujus
1386 2121 1542 2162 Album
1566 2131 1587 2158 a
1608 2119 1726 2159 Patre
1756 2117 1889 2160 fuerat
1912 2121 2016 2161 rela-

209 2194 308 2227 tus:
340 2185 537 2228 Socrates
568 2200 605 2229 e.
642 2200 705 2242 gr.
740 2202 835 2231 cum
860 2191 900 2231 in
925 2190 1039 2233 Albo
1063 2187 1187 2230 Demi
1212 2188 1495 2240 Alopecarum
1526 2186 1623 2228 effet
1660 2185 1906 2239 inscriptus,
1940 2189 2014 2240 qui

199 2251 362 2296 Demus
404 2254 455 2294 ad
486 2252 667 2298 Tribum
704 2258 962 2300 Antiochida
1000 2258 1264 2312 pertinebat,
1309 2268 1331 2296 a
1362 2254 1536 2296 Platone
1563 2253 1784 2306 discimus,
1831 2256 2012 2300 Tribum

201 2321 462 2363 Antiochida
498 2326 649 2367 revera¹
669 2325 788 2369 fuisse
827 2323 1116 2380 πξωοινεὸεο-κν,
1157 2336 1285 2377 quum
1315 2324 1541 2373 SocrateS,
1581 2323 1621 2363 in
1655 2323 1851 2366 Senatum
1877 2324 2014 2379 Quin*

202 2400 424 2444 gentorum
462 2393 662 2445 allectus,
698 2395 902 2447 ft-''pistatae
933 2407 1105 2437 munere
1129 2393 1170 2434 in
1195 2391 1418 2433 Concione
1446 2391 1595 2444 Populi
1625 2391 1896 2445 fungeretur:
1930 2393 2014 2437 Sed

203 2459 286 2502 hoc
321 2468 570 2511 perpetuum
596 2461 744 2513 fuiffe,
776 2475 824 2504 an
855 2464 1043 2506 constat?
1075 2474 1126 2504 an
1160 2461 1392 2513 probarunt
1423 2458 1623 2502 Corfinus
1650 2472 1695 2502 ac
1721 2460 1920 2514 Bingius?
1954 2462 2014 2504 Et

203 2526 469 2581 probandum
505 2526 667 2582 fuerat,
699 2539 746 2571 ut
776 2532 903 2573 unico
926 2531 1008 2573 hoc
1045 2538 1291 2583 argumento
1325 2528 1536 2571 universae
1568 2529 1846 2582 Antiquitatis
1876 2528 2011 2582 fides,

200 2607 288 2638 non
327 2593 671 2648 labefactaretur,
702 2610 846 2640 verum
878 2600 999 2651 plane
1027 2598 1269 2642 concideret
1294 2596 1334 2638 &
1355 2595 1524 2650 periret.
1583 2597 1789 2649 Equidem
1816 2598 1918 2639 nibil
1943 2599 2014 2639 ad·

199 2661 347 2724 firmo:
380 2663 492 2714 Sed,
525 2665 742 2717 quomodo
774 2666 1000 2710 'solvendus
1032 2667 1099 2708 ille
1130 2664 1177 2706 fit
1214 2665 1352 2708 nodus
1385 2665 1436 2705 de
1466 2663 1627 2716 adjecto
1657 2668 1823 2709 nomine
1861 2667 2010 2719 Demi,

198 2743 250 2773 ex
284 2744 372 2784 quo
407 2732 674 2785 Magistratus
706 2735 865 2788 fuerit,
910 2737 1088 2780 Senatus
1129 2734 1417 2778 Concionisve
1448 2733 1642 2788 Praeses,
1681 2737 1836 2790 quique
1871 2745 2008 2778 tamen

197 2800 364 2843 Demus
398 2800 449 2842 ad
485 2800 663 2844 Tribmn
698 2812 785 2846 tum
810 2806 1011 2859 temporis
1035 2806 1268 2860 primariam
1292 2804 1527 2856 (quantum
1550 2803 1776 2856 novimus)
1808 2816 1892 2847 non
1916 2815 2011 2856 per·

203 2868 406 2922 tinuerit,
437 2891 494 2902 -
522 2871 740 2924 quomodo
769 2874 902 2929 igitur
925 2874 1147 2918 solvendus
1176 2872 1224 2914 fit
1259 2873 1328 2915 ille
1357 2873 1527 2928 nodus,
1568 2872 1671 2916 mihi
1697 2884 1782 2915 non
1817 2872 2008 2926 liquere,

1164 2941 1209 2986 N
1240 2955 1265 2985 2
1945 2940 2010 2983 in·
