2211 3228
218 202 259 261 Β
684 200 1529 258 ORATIO

223 362 354 433 equi
394 371 505 414 erat
547 356 833 411 ferocitate
862 357 1189 426 exultantis,
1227 370 1290 412 ut
1317 359 1373 412 in
1419 360 1507 411 illa
1541 359 1855 426 quotidiano
1885 363 1983 418 usu

226 477 461 531 disceret
492 514 508 540 ‚
564 473 815 526 homines
856 471 1174 527 effraenatos
1219 475 1276 526 in
1324 489 1514 543 gyrum
1556 475 1776 528 rationis
1819 476 1985 530 duce-

226 608 281 643 re
312 630 329 655 ‚
370 618 423 627 —
462 589 774 654 Socratem,
818 589 1035 657 inquam
1062 629 1077 655 ‚
1121 604 1248 641 cum
1288 605 1457 643 uxore
1502 590 1733 644 rixarum
1773 604 1983 645 amante

224 706 295 759 sic
337 702 563 769 vixisse,
603 717 664 757 ut
706 703 816 772 ipsa
864 704 1051 758 testata
1087 704 1182 766 fit,
1237 706 1522 771 maritum,
1565 704 1797 758 infinitas
1840 707 1983 760 inter

222 822 390 891 Reip.
441 822 769 875 mutationes
803 861 820 887 ,
879 821 1086 889 irasque
1138 821 1298 873 etiam
1346 819 1661 874 domesticas
1699 861 1715 887 ,
1773 820 1987 890 placido

221 938 381 990 vultu
426 936 637 1005 semper
693 937 855 989 domo
910 933 1095 987 exiiffe
1125 974 1140 999 ‚
1193 934 1406 1003 placida
1462 936 1512 988 &
1564 933 1751 987 serena
1803 935 1987 990 fronte

226 1049 383 1104 fuiffe
432 1050 724 1103 reversum.
804 1049 956 1119 Quin
999 1047 1081 1115 δι,
1122 1049 1161 1102 fi
1203 1050 1258 1101 in
1300 1047 1655 1102 conciliandis
1698 1048 1793 1102 fibi
1839 1050 1987 1106 hisce

224 1166 429 1235 nuptiis
456 1164 729 1218 fortunam
761 1165 936 1217 minus
965 1162 1252 1218 fautricem
1278 1165 1468 1218 habuit
1495 1164 1578 1216 vir
1606 1166 1844 1234 optimus
1871 1207 1887 1232 ,
1929 1168 1985 1219 in

226 1283 340 1336 filio
379 1281 540 1335 etiam
566 1321 581 1346 ‚
623 1297 784 1349 quem
831 1279 1005 1333 solum
1052 1293 1229 1335 aetate
1280 1280 1423 1333 vidit
1465 1279 1787 1333 adultiorem
1829 1281 1991 1336 Lam-

225 1399 508 1469 proclem,
551 1395 693 1450 haud
725 1397 897 1449 multo
937 1394 1045 1449 fuit
1083 1394 1301 1450 felicior
1328 1436 1345 1462 ‚
1386 1394 1686 1449 indocilem
1728 1409 1986 1466 expertus

225 1515 489 1582 matrique
520 1526 679 1580 quam
708 1510 805 1565 sibi
833 1510 1146 1564 similiorem
1179 1530 1191 1563 t
1249 1511 1324 1565 Et
1367 1527 1489 1581 erga
1529 1511 1682 1563 illum
1711 1522 1892 1565 tamen
1920 1516 1992 1570 ita

230 1627 285 1682 se
330 1629 475 1701 gestit
516 1639 668 1698 pater
711 1628 859 1680 mitis
904 1627 954 1681 &
989 1627 1264 1696 prudens,
1319 1642 1382 1680 ut
1415 1625 1605 1681 faciles
1651 1643 1775 1680 cum
1816 1644 1988 1696 puero

225 1745 343 1801 ludi
373 1747 425 1801 &
453 1746 620 1800 amica
646 1759 833 1816 parum
863 1742 1215 1812 obsequentis
1252 1742 1585 1809 admonitio,
1626 1759 1855 1811 quorum
1896 1761 1991 1798 ex-

228 1861 326 1917 stat
351 1861 612 1917 memoria
639 1899 656 1927 ‚
709 1859 872 1913 etiam
913 1874 1058 1911 nunc
1097 1855 1365 1911 testentur
1391 1898 1408 1925 ‚
1465 1858 1604 1912 nihil
1644 1855 1750 1910 effe
1787 1898 1804 1924 ‚
1846 1858 1995 1918 quod

228 1980 316 2035 vir
347 1977 557 2050 sapiens
600 1975 649 2030 δι
680 1975 856 2029 bonus
893 1989 1006 2027 non
1050 1984 1213 2044 putet
1253 1972 1350 2027 fibi
1386 1972 1682 2027 secundum
1724 1970 1991 2029 Naturam

234 2092 344 2148 effe
387 2091 719 2148 faciendum.
798 2091 1026 2144 Natura
1058 2130 1075 2156 ‚
1134 2089 1310 2158 inquit
1355 2091 1629 2145 CicERo
1657 2130 1674 2157 ‚
1718 2089 1994 2161 pruescri·

232 2210 348 2276 hu,
390 2219 452 2264 ut
485 2209 629 2263 homo
658 2206 895 2272 homini,
940 2205 1239 2276 quicunque
1254 2203 1323 2275 stt
1344 2246 1360 2272 ‚
1405 2206 1464 2259 ob
1502 2220 1616 2260 eum
1649 2205 1815 2277 ipsum
1849 2220 2000 2261 cuus·

170 2388 172 2390 ,
227 2326 351 2399 sum
386 2365 403 2392 ‚
460 2324 601 2396 quod
638 2322 685 2376 is
718 2324 863 2376 homo
892 2321 964 2391 fit
995 2362 1012 2387 ,
1070 2319 1363 2389 consultum
1403 2321 1547 2376 velit.
1636 2321 1791 2375 Haec
1830 2323 1994 2377 etiam

245 2440 480 2497 Socratis
515 2450 632 2492 erat
673 2436 1022 2506 Philosophia
1051 2475 1069 2503 ,
1124 2449 1186 2489 ut
1235 2433 1594 2490 feliciffimum
1641 2437 1795 2489 illum
1847 2436 1997 2490 dice-

244 2570 358 2624 ret,
402 2556 494 2626 qui
530 2556 704 2608 bonus
741 2551 877 2607 esset
916 2551 1119 2621 conjux
1144 2591 1162 2619 ‚
1203 2554 1377 2606 bonus
1415 2565 1567 2622 pater
1591 2593 1609 2619 ,
1659 2553 1835 2605 bonus
1872 2553 2003 2606 ami-

249 2689 346 2727 cus
374 2713 390 2739 ‚
441 2672 618 2725 bonus
664 2669 821 2723 civiS.
899 2667 1095 2738 ‘Itaque
1143 2685 1306 2722 nemo
1345 2670 1545 2722 amicos
1589 2679 1680 2722 aut
1721 2667 2000 2721 studiosius

243 2786 506 2862 quaesivit
533 2827 551 2854 ,
602 2798 693 2841 aut
736 2785 926 2857 majori
967 2800 1094 2840 cum
1142 2787 1266 2839 cura
1313 2785 1492 2857 legit,
1544 2796 1636 2841 aut
1679 2783 1998 2839 conciliatos

1914 2898 2012 2953 fibi
