2211 3228
575 209 712 268 DE
787 202 1292 263 socRATE
1370 203 1649 261 eivE.
1950 226 1986 282 7

230 374 423 443 Longe
472 369 676 423 idcirco
717 368 900 421 aberat
944 365 1007 418 ab
1040 364 1255 416 illorum
1286 363 1527 429 ratione,
1570 363 1696 431 qui,
1740 362 1983 419 Thaletis

228 487 383 542 instar
403 528 419 554 ,
461 486 588 540 dum
614 483 924 553 sapientiam
949 478 1283 534 adfeetarent
1303 516 1320 542 ,
1367 477 1423 529 id
1449 478 1595 544 quod
1624 478 1876 548 sapientis
1906 480 1983 534 est

224 604 597 674 negligerent,
625 599 825 670 ‘gener-i
857 597 1088 650 humano
1127 593 1405 647 inservire.
1470 593 1618 647 Duas
1652 610 1846 648 uxores
1886 595 1983 650 do-

225 734 371 770 mum
399 716 555 769 duxit
575 753 591 778 ,
634 713 871 781 priorem
904 709 1261 776 Myrtonem,
1304 707 1548 761 Aristidis
1572 709 1702 778 Justi
1730 710 1979 781 sanguine

221 843 573 902 prognatam3
616 825 819 894 exique,
861 839 922 879 ut
963 825 1096 878 mihi
1126 823 1343 877 videtur
1374 863 1390 889 ,
1432 823 1540 876 fine
1571 826 1757 878 liberis
1788 826 1982 881 defun-

227 947 306 1001 &a
335 988 351 1014 ,
405 947 623 1000 alteram
652 942 1005 1011 Xanthippen
1034 982 1050 1008 ,
1093 956 1226 1010 quae
1269 952 1377 993 tres
1416 940 1497 991 illi
1536 938 1678 994 filios
1712 944 1931 1011 peperit
1956 985 1974 1010 ‚

221 1063 357 1134 patri
384 1059 693 1130 superstites
727 1077 738 1110 :
794 1057 973 1124 Nam,
1014 1071 1149 1126 quae
1181 1055 1249 1109 de
1286 1055 1544 1121 Socrate,
1587 1056 1854 1126 geminam
1889 1074 1981 1111 eo-

223 1179 348 1233 dem
387 1190 635 1246 tempore
668 1189 895 1228 uxorem
938 1172 1085 1226 domi
1129 1172 1364 1225 habente
1394 1211 1410 1237 ,
1467 1170 1666 1240 scripta
1702 1174 1983 1240 reperiun-

221 1306 339 1361 tur,
382 1292 647 1348 calumnia
677 1289 752 1344 est
786 1289 843 1342 in
871 1293 1048 1342 virum
1076 1288 1587 1341 continentissimum
1612 1288 1796 1356 potius
1823 1303 1983 1356 quam

223 1410 405 1466 fabula
439 1449 456 1476 ,
521 1404 961 1477 quandoquidem
998 1445 1017 1470 ,
1091 1419 1226 1471 quae
1281 1415 1532 1470 tanquam
1586 1401 1786 1455 fundus
1837 1404 1983 1460 illius

219 1522 440 1594 ὃιγοιμίας
473 1525 529 1575 in
555 1521 795 1574 medium
821 1517 1091 1584 adfertur,
1130 1517 1253 1570 Lex
1282 1517 1497 1583 Attica,
1537 1516 1762 1570 Periclis
1803 1529 1981 1573 aetate

214 1641 321 1694 lata
349 1679 366 1705 ,
413 1634 683 1706 ejusmodi
711 1632 788 1687 est
814 1673 832 1697 ,
871 1644 934 1686 ut
963 1633 1054 1701 qui
1087 1648 1203 1686 eam
1231 1633 1368 1685 hanc
1398 1633 1453 1685 in
1479 1647 1594 1686 rem
1618 1646 1983 1690 memorarunt

211 1753 598 1824 Peripatetici,
641 1751 894 1820 SatyrUS,
936 1748 1308 1816 Hieronymus
1338 1747 1620 1816 Rhodius,
1662 1749 1786 1816 alii,
1827 1750 1982 1822 igno-

216 1886 328 1924 rare
364 1884 475 1924 non
506 1866 791 1938 potuerint
814 1906 832 1933 ,
874 1864 985 1934 ipsa
1022 1864 1192 1932 haee,
1232 1879 1371 1935 quae
1415 1862 1723 1918 referebant
1748 1904 1766 1932 ,
1807 1864 1977 1936 Legis

211 1988 380 2041 verba
431 1986 489 2038 in
539 1982 811 2038 diversum
853 1981 1068 2051 prorsus
1116 1981 1326 2034 sensum
1380 1978 1488 2034 e'ffe
1540 1981 1974 2051 interpretanda,

210 2102 484 2173 Legisque
531 2103 838 2165 rationem,
893 2114 963 2151 ex
1007 2097 1245 2151 Historia
1286 2097 1472 2150 Attica
1521 2097 1666 2149 illius
1711 2099 1974 2166 temporis

211 2215 374 2270 facile
410 2213 765 2283 repetendam
801 2253 817 2278 ,
858 2214 1013 2266 aliam
1050 2213 1276 2264 omnino
1309 2209 1465 2263 suiffe
1495 2249 1513 2276 ,
1553 2226 1712 2277 quam
1749 2223 1811 2264 ut
1843 2210 1970 2282 (res

211 2333 355 2385 inter
376 2328 616 2383 Graecos
644 2327 880 2381 inaudita
901 2327 964 2399 Ξ)
1004 2328 1216 2379 licitum
1240 2325 1474 2379 Athenis
1500 2340 1734 2393 unquam
1764 2325 1964 2394 fuerit,

207 2446 412 2516 duplex
461 2444 908 2513 matrimonium,
978 2442 1126 2512 quod
1180 2443 1485 2512 legitimum
1530 2439 1665 2495 effet
1695 2481 1714 2508 ,
1766 2442 1966 2498 eodem

198 2574 450 2632 tempore
495 2561 832 2615 contrahere.
872 2588 976 2601 —
1013 2559 1122 2613 Sed
1162 2557 1255 2612 ista
1285 2599 1302 2625 ,
1359 2574 1494 2626 quae
1526 2558 1698 2611 aliena
1732 2556 1852 2611 sunt
1889 2561 1958 2615 ab

204 2677 313 2731 hoc
350 2678 514 2744 Ιοεο,
551 2691 774 2748 agemus
804 2676 964 2730 alias:
1006 2673 1178 2729 Nunc
1217 2673 1353 2727 illud
1381 2671 1809 2729 animadvertisse
1847 2672 1958 2728 suf·

203 2790 345 2846 ficiat
374 2830 394 2858 ,
445 2792 722 2848 Socratem
756 2830 775 2859 ,
827 2791 916 2846 cui
959 2790 1274 2852 difficillima
1317 2791 1502 2846 uxoris
1540 2788 1755 2844 indoles
1797 2787 1957 2844 instar

1827 2904 1955 2974 equi
