2211 3228
574 216 714 280 DE
792 213 1308 272 socRATE
1383 214 1646 274 c1v13.
1959 232 1995 293 ς

236 389 369 444 triae
393 424 411 452 ,
463 385 608 438 inter
648 378 727 434 sui
769 378 931 432 etiam
971 376 1132 448 ipsius
1168 376 1453 445 aliquando
1491 376 1726 433 miserias
1756 417 1774 445 ‚
1813 377 1912 433 hac
1938 377 1992 433 se

238 504 433 560 solatus
473 497 852 555 recordatione
879 533 898 561 ,
949 494 1087 548 nihil
1124 492 1232 561 jam
1280 493 1511 546 evenire·
1545 486 1695 564 quod*
1723 510 1832 548 non
1864 496 1997 549 olim

237 617 508 673 evenerit.
584 611 801 681 Fingite
836 620 999 678 porro
1043 608 1189 661 hunc
1229 606 1467 660 eundem
1510 607 1788 664 hominem
1815 609 1998 664 salutis

235 732 485 803 publicae
523 723 994 791 studiosissimum,
1036 723 1130 777 sed
1162 740 1223 777 ea
1250 723 1436 777 indole
1465 736 1679 791 natum,
1719 737 1781 778 ut
1813 726 1997 780 huma·

233 849 462 903 nitatem
496 842 723 896 caeteris
766 840 985 894 dotibus
1028 838 1297 909 praeferat
1325 879 1342 906 ,
1383 840 1662 892 neminem
1691 840 1885 894 lubens
1912 839 1998 895 of-

236 961 426 1018 fendat
442 1000 458 1026 ,
480 960 660 1013 omnia
675 957 847 1011 officia
861 954 1171 1025 praestanda
1192 953 1298 1008 effe
1318 954 1425 1008 fine
1444 953 1677 1009 factione
1695 954 1996 1019 existimem

238 1077 320 1144 δε,
353 1075 597 1146 quamvis
621 1074 788 1127 malos
822 1073 973 1125 cives
1000 1068 1170 1125 odisse
1202 1069 1487 1137 didicerit,
1517 1086 1788 1142 nunquam
1820 1083 2001 1125 tamen

235 1188 603 1247 recedendum
629 1200 790 1258 putet
825 1204 854 1241 a
879 1184 1146 1256 perpetua
1168 1187 1260 1239 illa
1289 1186 1511 1242 naturali
1542 1187 1820 1252 bonitate,
1863 1201 1997 1257 quae

233 1308 398 1363 nullis
440 1305 643 1360 casibus
685 1319 866 1373 neque
906 1302 1171 1368 flectitur,
1214 1317 1394 1371 neque
1423 1303 1711 1355 minuitur:
1755 1299 2011 1370 Neceffq

240 1425 441 1478 iterum
471 1421 574 1475 erit
593 1461 609 1488 ,
646 1431 708 1473 ut
726 1420 780 1472 in
809 1419 898 1472 illa
926 1419 1200 1471 intueatur
1227 1418 1478 1485 exempla
1508 1429 1728 1482 vetera,
1753 1431 1887 1485 quae
1918 1417 2001 1487 ip·

237 1538 383 1604 sum,
423 1532 733 1606 perturbata
761 1534 1026 1598 civitate,
1078 1532 1345 1583 incertum
1396 1542 1582 1601 regant
1610 1571 1627 1598 ‚
1683 1531 2002 1585 haerentem

237 1650 577 1722 expediant,
631 1664 776 1718 pene
829 1647 1208 1718 desperantem
1255 1647 1504 1699 recreent
1559 1646 1611 1699 &
1657 1645 2000 1703 confirment.

235 1769 479 1841 Quaeret
524 1764 740 1821 adsidue
785 1780 898 1818 non
938 1764 1336 1817 Theramenem
1375 1763 1645 1832 aliquem,
1687 1764 1815 1834 qui,
1854 1778 2002 1820 nunc

233 1883 548 1956 potentium
586 1879 769 1935 fautor
810 1879 861 1933 &
905 1876 1096 1933 affecla
1125 1913 1144 1943 ,
1180 1894 1324 1932 nunc
1358 1877 1696 1932 multitudini
1723 1876 2002 1946 jucundus

238 2001 489 2069 interque
528 1997 778 2052 homines
808 1995 1099 2065 populares
1124 1995 1447 2065 praecipuus
1466 2034 1483 2061 ,
1524 1993 1851 2062 Tyrannidis
1882 2007 1999 2047 mo-

237 2116 310 2172 do
343 2115 520 2169 socius
555 2112 632 2167 est
657 2152 675 2179 ,
715 2111 882 2165 modo
925 2111 1297 2181 Tyrannorum
1337 2110 1667 2165 adversarius
1711 2111 1761 2163 δι
1800 2108 1999 2175 hostiS,

242 2231 444 2300 quique
484 2243 584 2296 per
629 2238 799 2279 totam
839 2227 1007 2279 vitam
1057 2238 1210 2293 aptus
1256 2226 1473 2292 utrique
1525 2223 1656 2293 pedi
1700 2224 1999 2280 cothurnus

241 2345 458 2400 dubiam
498 2342 716 2396 virtutis
758 2357 824 2394 an
861 2339 1140 2410 pravitatis
1183 2338 1377 2394 famam
1406 2338 1710 2394 Posteritati
1736 2355 1998 2412 propaga·

241 2461 371 2516 vit:
434 2461 511 2513 At
557 2457 723 2512 talem
762 2456 1042 2525 perquiret
1089 2472 1158 2509 ex
1199 2456 1538 2524 Antiquitate
1579 2456 1757 2508 virum
1784 2496 1801 2522 ,
1855 2457 1995 2525 qui,

242 2589 421 2642 neque
448 2573 833 2642 temporariu5‚
875 2587 1052 2639 neque
1084 2568 1332 2625 fortunae
1362 2543 1595 2636 amicus,
1640 2569 1733 2623 sed
1757 2568 1835 2622 sui
1863 2568 2000 2624 sem-

244 2705 343 2760 per
370 2688 560 2757 judicii
580 2723 596 2750 ,
637 2687 840 2741 reflum
873 2686 1276 2755 secundumque
1295 2726 1312 2753 ,
1356 2662 1625 2754 quantum
1651 2683 1774 2749 fieri¹
1804 2686 1956 2755 poffit
1975 2726 1993 2752 ,

248 2790 553 2859 furentibus
595 2804 848 2858 civilibus
894 2803 1152 2873 procellis
1181 2842 1199 2868 ‚
1255 2803 1310 2855 in
1363 2802 1494 2857 mari
1546 2800 1832 2871 scopuloso
1882 2817 2000 2856 cur-

1180 2919 1230 2972 A
1272 2935 1301 2975 2
1891 2916 2011 2979 sum,
