2211 3228
234 256 306 314 30
685 233 1549 293 ORATIO*

234 397 327 452 sed
373 391 570 466 (quod
608 392 780 447 multo
816 391 984 461 majus
1019 392 1142 466 est)
1185 394 1442 465 exemplo
1470 405 1631 467 atque
1661 395 1786 467 ipsis
1818 389 1999 456 rerum

234 510 601 567 documentis,
678 509 961 564 Paululum
993 512 1083 564 hic
1113 512 1170 564 in
1196 511 1585 568 considerando
1613 513 1838 570 Socrate
1878 516 2001 573 Cive

232 625 583 681 subsistamus,

308 743 639 810 Praeclare,
693 741 880 811 judice
933 742 1208 797 CICERO
1232 757 1354 810 NE,
1414 746 1553 800 hanc
1595 747 1736 802 viam
1783 749 1859 802 ad
1891 747 2003 817 glo·

235 859 381 915 riam
401 860 756 933 proximam,
798 858 859 912 ὅς’
890 859 1038 930 quasi
1076 860 1564 928 compendiariam,
1616 863 1868 918 Socrates
1910 861 2004 934 effe

235 976 473 1041 dicebat,
506 975 556 1045 st
581 974 704 1046 quis
733 974 794 1027 id
818 983 1042 1042 ageret,
1088 983 1181 1040 ut,
1224 972 1402 1045 qualis
1427 975 1617 1029 haberi
1640 975 1829 1043 vellet,
1869 977 2002 1031 talis

237 1091 397 1163 efflet:
474 1089 640 1144 Hunc
682 1101 894 1149 autem,
950 1091 1042 1158 qui
1085 1089 1195 1143 fine
1236 1091 1379 1144 inani
1423 1089 1785 1146 ostentatione
1819 1108 2004 1146 veram

230 1207 303 1264 fic
349 1207 573 1279 gloriam
616 1206 944 1259 consecutus
986 1205 1095 1272 est,
1154 1206 1298 1259 haud
1340 1206 1622 1276 dedecet,
1688 1209 1905 1278 qualem
1950 1207 2006 1262 se

233 1324 449 1394 semper
502 1322 869 1392 praestiterit,
937 1334 1125 1393 aperte
1189 1320 1453 1392 profiteri.
1549 1324 1721 1396 Igitur
1772 1326 1830 1378 in
1879 1323 2009 1393 1113,

233 1456 394 1511 quam
441 1456 542 1509 pro
584 1450 945 1509 praeceptore
989 1437 1196 1507 scripsit
1236 1439 1517 1505 ΡιΑΤο,
1560 1439 1860 1512 Apologia',
1903 1441 2036 1512 iis,-

235 1572 372 1627 quae
400 1568 524 1610 ante
554 1557 838 1610 retulimus
856 1595 874 1622 ‚
914 1555 1101 1608 verbis
1129 1552 1355 1607 cauffam
1383 1554 1617 1608 reddens
1634 1596 1650 1622 ,
1694 1571 1789 1609 cur
1811 1573 1840 1609 a
1863 1557 2006 1625 Rep.

234 1671 477 1744 prudens
520 1670 868 1738 abstinuerit,
921 1671 1113 1723 mortis
1152 1681 1336 1723 tamen
1381 1682 1536 1723 metu
1576 1670 1632 1724 se
1677 1671 1736 1724 id
1779 1672 2005 1725 minime

233 1786 425 1843 feciffe
471 1787 720 1841 Socrates
767 1785 1045 1854 adfirmat,
1116 1801 1240 1839 cum
1286 1784 1398 1838 fine
1442 1786 1552 1839 ull-3
1593 1787 1839 1856 capitalis
1886 1785 2011 1857 sup·

234 1904 393 1976 plicii
431 1902 726 1958 formidine
759 1902 1066 1957 constanter
1107 1901 1366 1955 restiterit
1391 1901 1692 1955 violentiae
1723 1903 1774 1956 &
1804 1900 2009 1971 injusti·

236 2021 379 2087 tiae,
433 2021 484 2074 &
525 2034 650 2074 cum
689 2020 929 2089 populus
970 2019 1286 2086 Tyrannum
1334 2028 1549 2088 ageret,
1594 2018 1646 2072 &
1681 2032 1807 2070 cum
1847 2019 2009 2087 pauci

236 2135 536 2192 crudeliter
578 2136 1005 2190 dominarentur.
1086 2133 1185 2188 Ista
1226 2135 1431 2202 quippe
1466 2134 1576 2187 civi
1607 2135 1755 2188 bono
1787 2150 1847 2187 ac
1876 2132 2010 2188 forti

240 2252 319 2308 est
357 2254 560 2307 mentis
605 2250 903 2307 constantia
955 2263 1119 2320 atque
1172 2250 1565 2320 aequabilitaS,
1633 2261 1696 2303 ut
1742 2250 2011 2318 Tyrannis

236 2370 291 2424 ei
326 2368 540 2438 semper
575 2367 641 2422 fit
681 2368 850 2436 odio,
892 2367 987 2421 seu
1034 2367 1129 2421 sub
1170 2367 1350 2438 Regni
1394 2365 1618 2418 nomine
1647 2364 1740 2418 seu
1774 2365 1869 2419 sub
1896 2382 1996 2436 po-

241 2462 416 2557 pulari
454 2485 637 2556 specie
676 2487 877 2554 Remp.
909 2485 1198 2553 opprimat.
1237 2510 1337 2522 --
1376 2467 1741 2548 Meministis,
1785 2482 2013 2535 Auni-

245 2617 506 2670 TORES,
561 2602 734 2672 qualis
775 2599 909 2656 effet
948 2600 1108 2654 Bello
1146 2596 1612 2667 Peloponnesiaco
1651 2611 1831 2650 rerum
1867 2598 2011 2651 Atti-

247 2735 426 2775 carum
465 2717 672 2785 facieS‚
732 2732 891 2788 quam
935 2718 1113 2772 insana
1152 2715 1350 2786 Populi
1399 2713 1749 2768 Atheniensis
1789 2714 2010 2774 libertas

248 2835 423 2892 dicam
461 2851 527 2891 an
558 2836 812 2892 amentia.
889 2831 1158 2889 illustrem
1186 2851 1214 2889 a
1250 2830 1703 2890 Lacedaemoniis
1732 2830 2014 2886 victoriam

1920 2962 2011 3002 nao
