2211 3228
505 307 597 356 AC
655 304 1037 351 PROEDRIS
1094 303 1724 351 ATHENIENSIUM.
1945 317 2023 362 ιτς

207 439 298 482 fieri
330 438 431 482 solet
461 439 503 481 in
534 438 661 480 rebus
705 436 928 489 humanis,
979 435 1136 479 medias
1170 433 1406 490 pracsertim
1443 435 1550 477 inter
1579 434 1725 477 turbas
1758 433 2016 487 populares)

206 508 302 562 ipsis
338 506 474 549 fraudi
507 505 589 547 fuit
624 506 664 547 &
698 506 891 547 interimis
929 505 1094 548 caussa:
1137 505 1334 559 Quippe,
1377 514 1472 544 cum
1502 503 1598 555 plus
1635 502 1745 555 apud
1779 502 1891 544 cives
1919 501 2016 545 suos

210 573 538 628 praejudicatam
574 574 711 615 valere
741 573 982 625 opinionem
1012 571 1230 621 viderent,
1274 570 1313 611 ἃ
1350 581 1513 610 caecam
1546 569 1588 634 iqn
1617 571 1866 622 recipiendis
1894 571 2019 624 suspi-

209 641 408 683 cionibus
434 642 732 694 cupiditatem,
766 639 1050 681 Theramenes
1070 651 1117 680 ac
1140 636 1431 689 Thrasybulus
1455 637 1578 688 (nam
1594 669 1608 690 ‚
1631 637 1920 690 Thrasybulus
1945 639 2018 691 qui

205 708 288 752 fuit
322 710 365 751 in
397 710 610 751 liberanda
634 722 656 750 a
687 707 900 760 Tyrannis
932 707 1095 757 Patria,
1127 703 1303 746 eundem
1335 704 1406 745 hic
1442 703 1744 758 desideramus,
1775 707 1909 749 virum
1931 707 2019 750 for-

205 785 290 820 tem
321 776 362 818 &
383 776 558 828 justitiae
587 775 809 826 tenacem)
843 786 947 826 quae
970 772 1044 814 fibi
1068 772 1335 825 impendebat
1361 773 1545 823 procella
1573 773 1738 824 civiliS,
1770 774 1876 815 illam
1901 787 1920 815 a
1944 775 2016 818 suo

204 846 343 899 capite
381 845 422 886 in
458 846 582 888 vitam
614 845 655 888 &
685 843 876 885 fortunas
908 840 1334 884 innocentissimorum
1365 838 1535 880 Ducum
1565 850 1801 882 averterunt
1830 855 1880 883 eo
1915 843 2021 885 faci-

206 913 317 965 lius,
347 913 465 965 quod
501 912 596 954 illos
635 911 825 954 Athenas
853 918 1191 965 praeverterant,
1223 907 1263 949 &
1286 915 1377 947 tuta
1405 905 1563 958 semper
1581 907 1700 949 estin
1726 908 1930 951 absentem
1963 921 2023 952 at-

204 993 290 1033 que
323 980 582 1023 indefensum
614 980 836 1022 calumnia.
896 979 1070 1030 Itaque,
1120 988 1248 1029 quum
1280 973 1521 1016 Erafiniden
1551 974 1640 1016 aliis
1672 976 1849 1026 primum
1883 978 2020 1020 crimi-

206 1048 335 1089 nibus
361 1048 647 1090 Archedemus
676 1049 726 1090 ad
750 1047 951 1091 Heliastas
974 1044 1211 1096 detulisset,
1243 1055 1341 1085 mox
1367 1042 1607 1084 Timocrate
1633 1042 1822 1097 suasore,
1853 1045 1893 1087 ἀ
1916 1047 2021 1087 clam

208 1115 411 1158 incitante
451 1115 745 1170 Theramene,
777 1129 922 1171 omnes
950 1113 1023 1168 qui
1057 1114 1265 1155 redierant
1298 1111 1442 1153 Duces
1481 1111 1721 1164 (redierant
1755 1123 1890 1154 autem
1920 1113 2017 1166 sex)

210 1182 256 1224 in
286 1182 455 1225 vincula
494 1184 591 1228 duci
618 1186 796 1228 Senatus
830 1186 871 1228 ἃς
899 1184 951 1225 ad
974 1183 1182 1236 Populum
1214 1180 1365 1224 deferri
1394 1179 1528 1234 jubet.
1598 1179 1789 1223 Vocatur
1821 1182 2017 1235 Conci03

207 1250 406 1293 accusant
449 1251 733 1294 Theramenes
763 1252 915 1304 aliique
949 1253 1178 1294 calumniae
1210 1251 1452 1303 consortes;
1498 1248 1582 1302 ipsa
1617 1250 1684 1291 illa
1708 1247 1903 1301 epistola,
1937 1258 2020 1303 qua

210 1318 356 1361 Duces
389 1318 697 1360 accusatoribus
730 1321 812 1363 suis
847 1333 1018 1375 parcere
1055 1321 1304 1371 voluerant,
1345 1317 1428 1373 jam
1459 1318 1720 1372 probationis
1748 1319 1846 1360 loco
1875 1329 2024 1360 contra

205 1386 302 1430 illos
337 1387 522 1429 adfertur
555 1388 597 1429 in
629 1389 842 1431 medium:
874 1390 978 1432 Reis
1005 1388 1171 1432 dicendi
1202 1400 1278 1440 pro
1304 1388 1369 1440 se,
1401 1400 1523 1440 quam
1545 1389 1635 1430 Lex
1663 1386 1812 1438 dabat,
1843 1397 2020 1441 negatur

209 1456 414 1498 facultas:
448 1456 598 1498 Paucis
630 1466 792 1497 tantum
835 1469 1041 1508 exponere
1065 1456 1147 1499 illis
1171 1457 1378 1509 integrum
1401 1456 1483 1508 est,
1515 1468 1638 1509 quam
1663 1468 1808 1508 parum
1835 1466 1905 1498 aut
1927 1456 2018 1497 suae

212 1522 352 1566 fuisset
388 1522 601 1576 potestatis
628 1532 699 1563 aut
735 1522 796 1563 sui
826 1523 984 1564 arbitrii
1014 1524 1240 1577 naufragos
1261 1525 1431 1577 tollere3
1462 1525 1492 1566 fi
1523 1525 1623 1576 quid
1649 1537 1898 1577 peccatum,
1929 1527 2019 1566 cul-

207 1604 304 1645 pam
341 1590 419 1633 ess'e
454 1590 827 1641 'irierarcharurm
870 1590 1146 1634 Theramenis
1182 1592 1417 1645 praesertim
1459 1604 1506 1633 ac
1540 1590 1819 1643 Thrasybuli,
1865 1594 2019 1646 quibus

208 1659 281 1700 ista
312 1670 411 1700 cura
443 1657 741 1699 servandorum
773 1667 845 1699 aut
880 1659 1229 1702 extrahendorum
1263 1671 1284 1700 e
1320 1657 1516 1700 fluctibus
1551 1658 1704 1699 civium
1736 1657 1873 1703 fuisset
1904 1674 2019 1703 man-

206 1724 328 1766 data:
361 1725 444 1768 Sed
466 1739 584 1776 vero,
615 1724 776 1767 addunt
802 1726 881 1768 viri
913 1724 1120 1769 fortes&
1143 1728 1267 1781 justi,
1308 1741 1556 1782 quamquam
1586 1730 1655 1770 illi
1686 1742 1754 1770 nos
1788 1728 2017 1780 accusant,

205 1807 276 1836 nos
310 1803 447 1834 tamen
481 1807 543 1835 eos
567 1807 644 1836 non
676 1796 1056 1838 calumniabimur:
1096 1795 1239 1837 Extra
1268 1797 1428 1848 culpam
1458 1794 1586 1849 fiant:
1628 1795 1773 1837 Maris
1800 1794 2012 1849 fhevitt‘a,

210 1877 296 1918 qua
313 1863 465 1915 sacrati
477 1862 609 1915 funt,
640 1865 765 1904 unica
793 1864 1011 1906 omittendi
1032 1863 1154 1918 officii
1170 1862 1262 1916 fiu‘t
1284 1862 1433 1917 cauffiz.
1493 1863 1638 1905 Testes
1661 1865 1719 1906 illi
1742 1863 1984 1917 producunt
2000 1895 2015 1916 ,

204 1933 373 1975 navium
408 1930 622 1983 magistros
657 1942 906 1985 nautasque.
963 1932 1104 1986 Justus
1140 1932 1415 1984 plerumque,
1453 1932 1526 1974 nisi
1562 1932 1612 1974 ab
1639 1932 1826 1975 hostibus
1856 1933 2017 1984 generis

204 1999 377 2042 humani
405 1998 708 2051 (Demagogos
738 1998 953 2050 dicimus)
1003 1999 1055 2041 ad
1084 2013 1207 2042 omne
1240 2000 1357 2042 nefas
1391 2001 1662 2049 incendatur,
1692 2000 1880 2053 Populus
1911 2002 2019 2044 veri-

206 2069 305 2111 tatis
333 2067 448 2108 sensu
480 2066 660 2109 flectitur
692 2068 732 2109 ἃ
762 2076 1076 2110 commovetur:
1118 2069 1263 2112 Plures
1297 2084 1318 2111 e
1344 2071 1534 2119 civibus,
1566 2068 1840 2110 remittendos
1859 2099 1874 2120 ‚
1904 2070 2013 2112 datis

207 2135 460 2188 praedibus,
493 2147 588 2176 reos
626 2136 814 2178 censent:
858 2135 942 2177 Sed
966 2139 1081 2179 nulla
1115 2147 1202 2179 tam
1235 2137 1484 2191 detestabilis
1509 2138 1632 2192 pestis
1653 2136 1740 2189 est,
1770 2137 1906 2190 inquit
1933 2140 2018 2181 CI-

206 2215 390 2251 CERO,
420 2215 527 2255 qnae
553 2215 632 2242 non
662 2202 817 2244 homini
846 2202 900 2244 ab
936 2203 1096 2246 homine
1129 2204 1344 2257 nascatur.
1401 2205 1528 2258 Quod
1565 2207 1595 2248 fi
1626 2217 1808 2258 unquam
1844 2218 2018 2258 verum,

208 2271 260 2312 de
293 2269 373 2320 iis,
408 2282 516 2322 quos
549 2271 677 2312 modo
713 2270 988 2320 dicebamus,
1020 2271 1145 2324 Reip.
1182 2273 1346 2315 facibus
1369 2273 1425 2314 est
1450 2274 1722 2316 veriffimum:
1754 2273 1866 2328 Quid
1889 2275 2016 2327 igitur

212 2339 299 2389 illi,
331 2351 383 2380 ne
414 2338 483 2378 ista
513 2351 656 2379 eorum
687 2339 897 2382 accusatio
927 2337 981 2380 fic
1005 2340 1167 2382 abiret?
1198 2341 1543 2394 Adresperascit,
1574 2341 1823 2385 inclamant:
1854 2343 1942 2385 Per
1958 2352 2019 2385 te·

203 2406 352 2448 nehras
383 2406 578 2460 sublatae
614 2420 758 2448 manus
799 2409 979 2463 conspici
1029 2423 1079 2451 ac
1113 2412 1326 2453 numerari
1358 2411 1449 2464 jam
1492 2419 1727 2462 nequeunt:
1781 2409 1929 2454 Concio
1968 2413 2014 2454 in

205 2474 336 2515 alium
367 2474 473 2516 diem
500 2474 800 2530 proroganda:
830 2477 1005 2521 Interim
1040 2480 1215 2522 Senatus
1243 2479 1428 2532 referat,
1457 2491 1534 2532 quo
1567 2479 1635 2520 illi
1665 2477 1775 2520 modo
1805 2478 1875 2521 hoc
1901 2480 2018 2535 judi·

204 2543 313 2583 cium
348 2543 396 2586 de
424 2546 504 2586 reis
531 2543 761 2585 habendum
793 2543 999 2588 videatur.
1077 2548 1242 2591 Placet:
1284 2547 1460 2588 Nullum
1494 2545 1600 2587 enim
1634 2547 1676 2588 in
1713 2546 1786 2588 ista
1817 2547 2016 2591 dilatione

206 2613 508 2664 praejudicium
540 2612 621 2664 (ut
647 2614 761 2656 credi
793 2614 990 2657 volebant
1014 2615 1231 2670 suasores)
1262 2616 1341 2659 reis
1370 2613 1634 2657 damnosum:
1666 2614 1744 2668 Ipfi
1765 2616 1930 2659 interim
1954 2618 2017 2659 in·

212 2679 334 2720 fidias
369 2679 531 2722 struunt
563 2679 603 2721 &
634 2685 864 2723 teterrimas
893 2682 1093 2725 adhibent
1119 2693 1254 2735 artes,
1297 2694 1344 2726 ut
1383 2684 1688 2726 multitudinem
1725 2694 1871 2726 contra
1896 2686 2019 2729 inno-

207 2747 459 2790 centiffimos
499 2747 642 2790 Duces
675 2750 922 2792 incendant:
965 2750 1162 2792 Incidunt
1191 2751 1418 2804 Apaturia3
1457 2751 1497 2794 &
1530 2764 1607 2806 pro
1634 2753 1790 2795 laetitia
1817 2754 2015 2807 publica,

215 2830 293 2870 pro
328 2816 439 2858 ludis
474 2815 513 2857 ἃ
547 2816 682 2869 jocis,
724 2817 784 2860 isti
819 2820 1052 2872 praesertim
1092 2819 1211 2862 Festo
1250 2819 1361 2862 civili
1398 2821 1609 2873 propriis,
1653 2822 1826 2874 (dolum
1865 2820 1920 2863 fic
1953 2821 2017 2862 in·

207 2885 392 2929 struente
426 2897 473 2926 ac
519 2887 750 2930 machinam
791 2899 888 2931 cum
921 2888 1044 2932 sociis
1076 2896 1246 2943 parante
1294 2885 1591 2942 Theramene)
1646 2891 1705 2933 nil
1751 2890 1824 2933 nifi
1864 2899 2018 2932 artatae

1211 2956 1242 2998 P
1273 2970 1297 2999 2
1877 2959 2020 3012 paffim
