2211 3228
547 225 642 271 AC
697 218 1084 270 PROEDRIS
1143 219 1771 268 ATHENIENSIUM.
1987 239 2067 284 123

307 359 350 413 S.
381 355 499 401 XVI.
556 354 700 407 Atque
730 353 832 395 haec
857 352 1024 406 quidem
1056 364 1183 404 quum
1208 350 1415 406 probabili
1435 361 1680 405 argumento
1705 353 1902 409 colligere
1927 354 2051 399 nobis

252 428 444 473 videmur
474 437 524 468 ex
549 425 627 477 iis,
658 435 763 476 quae
800 423 998 463 hactenus
1028 420 1359 474 disputavimus,
1388 417 1568 472 superest
1589 430 1635 461 ut
1654 423 2057 477 animadvertamus,

254 506 412 550 quanto
434 496 566 549 major
593 492 756 536 Socrati
779 490 918 533 nostro
943 492 1032 532 laus
1059 490 1256 530 debeatur
1274 497 1479 538 veraeque
1509 488 1599 540 ejus
1619 490 1763 532 virtuti
1788 490 1952 543 honos,
1985 494 2058 545 qui

254 577 365 607 unus
393 567 489 617 plus
520 563 650 604 valuit
671 561 721 601 ad
744 559 920 601 tuendas
945 558 1329 608 conservandasque
1353 554 1490 606 Leges
1511 555 1671 597 Patriae
1693 569 1815 608 quam
1842 561 2066 604 universus

255 633 436 673 Senatus
456 637 491 673 eu
516 625 704 670 universa
731 624 792 677 (fi
816 625 1163 675 Euryptolemum
1177 619 1444 673 ,Axioclium
1459 650 1474 671 ,
1494 622 1682 673 aliosque
1701 637 1934 678 perpaucos
1952 631 2062 673 exci-

252 697 449 751 piamus)
480 695 646 738 Concio
667 693 817 745 Populi
838 693 993 732 Attici:
1027 692 1192 732 Etenim
1214 702 1297 731 non
1321 689 1486 740 negavit
1508 698 1667 730 tantum
1682 691 1887 744 Populum
1911 696 1954 736 in
1976 696 2059 739 suf.

251 765 382 818 fragia
405 764 594 812 mittere,
624 760 692 802 sed
721 758 859 800 effecit
885 758 1035 808 etiam,
1065 769 1116 797 ne
1142 755 1217 796 isto
1248 755 1313 796 die
1343 755 1412 797 illa
1443 756 1763 809 colligerentur,
1793 760 2057 818 spatiumque

251 833 366 874 dedit
390 831 429 872 δε
450 831 589 871 locum
611 840 749 871 novae
778 824 1032 875 defensioni,
1050 836 1100 865 eo
1122 832 1300 873 eventu,
1318 834 1393 874 ut,
1418 823 1492 865 nis1
1508 824 1662 867 nefaria
1683 839 1746 867 ars
1759 826 1896 871 fuiss'et
1912 831 2063 876 Dema.

253 911 463 954 gogorum
487 901 529 939 in
555 897 785 939 differenda
805 892 941 937 causs‘a
962 905 1036 945 per
1056 889 1200 933 falsum
1222 890 1432 937 Meneclis
1448 892 1747 946 Jusjurandum
1764 925 1776 945 ,
1801 897 1942 940 Duces
1962 899 2059 943 salvi

251 965 463 1009 evasissent
477 977 489 1007 ε
509 964 673 1007 Restitit
689 960 917 1015 tempestati
928 959 1118 1012 populari
1129 971 1213 1000 non
1230 968 1388 1000 tantum
1405 990 1420 1010 ,
1432 960 1498 1001 sed
1517 961 1659 1004 restitit
1671 972 1752 1004 tam
1767 962 1944 1007 feliciter
1956 997 1969 1018 ,
1983 978 2029 1009 ut
2043 998 2058 1019 ,

251 1035 327 1079 nisi
348 1045 431 1076 tam
455 1033 648 1075 funditus
669 1032 750 1084 jam
779 1039 865 1070 tum
885 1037 1082 1079 corrupta
1101 1024 1238 1066 fuiss'et
1259 1025 1516 1080 Respublica
1526 1029 1669 1070 Attica
1683 1059 1696 1080 ,
1719 1040 1801 1071 tam
1819 1044 1959 1076 amens
1980 1035 2060 1078 Po-

246 1104 372 1156 pulus
387 1133 400 1153 ,
422 1112 504 1144 tam
525 1099 708 1143 scelerati
729 1097 931 1151 &perditi
944 1096 1180 1145 Rhetores,
1203 1093 1316 1136 solus
1338 1098 1550 1149 piaculum
1573 1109 1593 1138 a
1612 1097 1795 1140 Civitate
1821 1102 2026 1146 avertisset
2041 1134 2057 1156 ,

252 1184 338 1225 quo
364 1171 432 1221 se,
473 1171 586 1211 leves
619 1168 790 1210 nimium
822 1167 862 1208 &
892 1167 932 1207 in
966 1164 1111 1205 horam
1136 1163 1387 1215 mutabileS,
1418 1164 1725 1209 obstrinxerunt
1751 1168 2053 1215 Athenienses:

258 1239 457 1290 Namque
479 1250 602 1279 nemo
618 1237 674 1279 est
694 1238 734 1278 in
759 1235 945 1278 universa
959 1230 1250 1283 Antiquitate,
1276 1233 1348 1283 qui
1367 1233 1755 1277 condemnationem
1779 1237 1891 1280 istam
1909 1252 2059 1282 novem

255 1305 425 1350 Ducum
440 1336 456 1357 ,
486 1305 845 1359 suppliciumque,
878 1301 992 1354 quod
1013 1299 1079 1341 sex
1100 1311 1148 1339 ex
1168 1298 1249 1340 illis
1272 1299 1484 1342 subierunt
1507 1301 1711 1355 insontes,
1733 1316 1816 1345 non
1839 1305 2064 1351 detestetur

252 1376 295 1418 δι
313 1373 636 1416 abominandum
659 1372 846 1422 censeat,
878 1383 964 1412 uno
989 1367 1137 1422 (quod
1157 1367 1342 1409 noverim
1358 1369 1376 1415 )
1395 1381 1571 1422 excepto
1590 1371 1766 1415 Oratore
1784 1373 1861 1415 LY
1874 1372 1916 1414 s'i
1931 1387 1959 1415 A
1976 1388 1986 1416 ε
2019 1375 2058 1417 Is

252 1446 406 1497 quippe
431 1442 486 1484 sic
511 1442 727 1494 loquitur,
758 1437 869 1493 quasi
895 1437 1153 1478 atrocitatem
1181 1434 1340 1476 sceleris
1364 1438 1554 1479 excusare
1577 1441 1700 1480 vellet
1725 1441 1863 1490 aliqua
1885 1441 2058 1492 (nescio

253 1512 376 1564 qua)
405 1509 661 1557 neceffitate,
694 1517 738 1548 ut
761 1505 904 1548 virtuti
935 1516 1105 1550 eorum,
1136 1504 1211 1555 'qui
1241 1504 1291 1543 ad
1312 1504 1537 1558 Arginusas
1561 1521 1638 1560 pro
1665 1507 1800 1550 Patria
1824 1507 2058 1559 perieram,

257 1578 374 1620 fieret
400 1575 523 1627 satiS,
549 1575 661 1628 quafi
676 1575 809 1617 virtus
830 1573 1044 1615 mactanda
1062 1571 1185 1621 eil'et,
1208 1581 1255 1612 ut
1277 1572 1579 1614 virtuticivitas
1602 1576 1807 1627 placeret!
1840 1576 1985 1620 Locus
2003 1580 2060 1620 est

249 1648 292 1691 in
314 1645 434 1687 Orat.
456 1657 495 1685 c.
521 1640 733 1685 Eratosth.
756 1651 853 1693 pag.
878 1653 972 1693 204.
1008 1641 1076 1682 ed.
1103 1639 1228 1692 Tayl.
1264 1641 1341 1677 οὐκ
1363 1635 1401 1678 ἐν
1422 1635 1540 1691 amu,
1568 1644 1596 1679 «ι’
1627 1641 1688 1685 τὲς
1715 1646 1774 1694 μὲ,
1801 1644 2005 1696 ςεφτηγὲς,
2033 1650 2063 1687 „2

251 1717 356 1757 ι’»ίκων
376 1712 634 1761 ιαυμοιχὲυἲες,
661 1710 716 1749 gre
742 1708 803 1750 διὰ
821 1711 978 1759 χειμῶσι
1000 1710 1051 1758 ἐχ
1073 1706 1139 1746 οἷοί
1153 1710 1186 1744 τ’
1204 1707 1341 1753 ’ἔφασαν
1360 1705 1437 1756 eiuq
1459 1707 1518 1750 τὲς
1547 1710 1584 1746 ἔκ
1612 1712 1673 1754 τῆς
1701 1712 1874 1756 Sanni-Hm
1897 1717 2064 1772 dvfflfQ,

250 1784 396 1832 θανάτῳ
419 1779 656 1834 ἔξημιῶτοιτι,
688 1780 846 1827 ἦγύμενοι
863 1782 982 1830 χξίἶνοᾳ
1002 1782 1043 1830 τῇ
1064 1778 1094 1818 “³3²
1115 1776 1287 1816 τεθνειοἽων
1305 1780 1408 1830 ἀρετῇ
1427 1776 1510 1830 παρ’
1528 1778 1654 1817 ἐκείνων
1678 1778 1769 1822 dlxxv
1788 1786 1917 1826 λαβεῖν.
1958 1783 2061 1828 Non

253 1865 302 1894 ea
316 1850 503 1893 Socratis
520 1847 745 1891 sententia:
762 1848 882 1890 Nihil
902 1847 970 1888 ille
993 1845 1098 1896 (qui
1119 1846 1392 1896 plurimorum
1417 1859 1509 1889 mos
1531 1846 1618 1901 est)
1634 1851 1894 1902 temporibus
1916 1852 2059 1906 dedit,

252 1919 357 1962 nibil
382 1917 621 1972 potentium
647 1916 844 1969 pravitati
860 1924 933 1958 aut
955 1912 1187 1964 vindictae,
1215 1914 1318 1956 nihil
1339 1916 1645 1968 praejudicatae
1666 1917 1821 1960 civium
1843 1921 2060 1975 opinioni,

254 1986 361 2030 nihil
385 1984 497 2027 inani
518 1985 672 2037 gloriae
694 1994 765 2027 aut
784 1997 907 2028 aurae
920 1981 1140 2037 populari,
1161 1982 1264 2023 nihil
1278 1984 1400 2024 etiam
1418 1984 1511 2026 suae
1526 1985 1733 2028 securitati
1747 1988 1891 2030 suaeve
1910 1988 2057 2034 saluti:

254 2052 408 2095 Omnia
423 2051 506 2104 egit
519 2053 780 2104 constanter,
792 2052 919 2105 iuste,
940 2049 1147 2102 sapienter
1161 2080 1173 2097 ,
1196 2050 1399 2101 graviter:
1420 2052 1530 2094 Nam
1547 2054 1736 2105 quidicta
1748 2053 1935 2097 Socratis
1948 2058 2060 2110 apud

251 2119 578 2161 PLA'roNEM
599 2122 641 2164 in
670 2123 831 2175 Gorgia
852 2121 993 2162 Tomo
1014 2116 1050 2158 Ι.
1074 2129 1169 2170 pag.
1193 2130 1289 2169 474.
1311 2130 1357 2159 A.
1381 2118 1447 2169 se,
1478 2132 1572 2160 cum
1594 2121 1634 2161 in
1653 2121 1850 2165 Senatum
1869 2124 1967 2168 ess'et
1989 2127 2061 2169 ad.

261 2186 421 2236 lectus,
454 2185 632 2239 suaeque
660 2187 822 2230 Tribus
844 2186 1040 2239 Prytania
1054 2184 1270 2237 fungentis
1286 2186 1376 2227 vice
1396 2186 1600 2238 Populum
1617 2188 1787 2232 deberet
1805 2192 1846 2234 in
1868 2193 2061 2248 suffragia

255 2254 445 2305 mittere,
477 2255 713 2306 nescivisse,
746 2267 831 2307 quo
854 2253 974 2307 paeto
996 2254 1038 2295 id
1064 2263 1227 2306 ageret,
1258 2263 1382 2305 atque
1405 2253 1458 2296 fic
1483 2255 1680 2296 omnibus
1702 2257 1822 2299 risum
1851 2261 2054 2314 movisse,

252 2322 373 2364 ima&
391 2323 406 2363 ἦ
423 2324 513 2372 Φυλὲ
529 2321 755 2374 ε’πςυτοὲνενε,
778 2327 808 2375 '‘:3
831 2318 895 2360 ’ἔδει
916 2339 961 2372 με
987 2321 1237 2374 ἐπιψηφίζειν,
1255 2324 1401 2367 γέλωτα
1418 2327 1575 2374 παρεῖχον
1588 2354 1599 2374 ‚
1614 2327 1643 2375 ‚g
1659 2323 1701 2362 &n
1721 2324 1895 2375 timroz'ptm
1917 2327 2056 2377 ἐπιψη-

255 2391 387 2445 φίζειν,
406 2415 459 2426 -
485 2390 555 2444 qui
578 2390 649 2432 ista
663 2390 788 2443 igitur
808 2400 853 2432 ut
873 2390 976 2432 serio
992 2389 1098 2430 dieta
1114 2399 1184 2431 aut
1198 2389 1345 2443 scripta
1360 2391 1561 2443 accipiat,
1576 2391 1609 2432 is
1626 2392 1799 2433 multum
1813 2392 1995 2448 fallitur,
2017 2399 2059 2445 ὃς

256 2459 413 2515 ιέρωιεὲαν
435 2460 687 2504 Socraticam
701 2491 716 2515 ,
741 2473 846 2514 quae
867 2458 1021 2510 ubique
1043 2458 1084 2499 in
1105 2458 1293 2511 Dialogis
1308 2458 1534 2500 Platonicis
1558 2459 1826 2515 exprimitur,
1842 2462 2023 2516 ignorat,

799 2560 884 2621 Kal
921 2572 1080 2620 ταῦτα.
1117 2565 1195 2635 μὲν
1230 2560 1282 2629 dn*
1315 2565 1490 2620 τωῦτοιὲ

1079 2711 1230 2765 Q

1240 2871 1281 2927 Q
1311 2886 1335 2914 2
1854 2873 1955 2929 Pag.
1987 2890 2055 2935 33.
