2211 3228
236 217 316 277 34
672 184 1642 247 “onita-ro*

245 354 365 422 nidi
389 358 685 424 paucorum
712 342 1022 401 adversatus
1047 342 1159 400 est:
1189 344 1267 400 Et
1289 345 1524 418 primum
1543 344 1768 417 quidem
1789 387 1806 415 ,
1834 351 2010 406 omnis

248 466 480 542 periculi
540 462 922 518 cumcivibus
965 460 1176 529 sociuS‚
1231 461 1325 515 sed
1366 463 1580 516 timoris
1624 478 1854 534 expers,
1908 482 2007 535 pe-

251 585 413 651 dem,
465 580 614 651 quod
654 580 859 632 merito
907 579 963 631 in
1015 594 1083 631 eo
1129 577 1308 632 laudat
1348 577 1661 646 CICERO,
1714 583 1870 649 porta
1906 597 2016 636 non

253 700 482 756 extulit:
543 694 926 751 Graffabantur
974 706 1156 749 tamen
1212 694 1453 762 Tyranni
1511 693 1810 749 foedissime
1837 715 1855 761 3
1910 713 2015 751 nec

255 817 536 887 quisquam
582 812 679 866 fibi
726 825 816 866 aut
857 813 1028 866 vitam
1066 825 1156 866 aut
1178 812 1320 865 bona
1350 810 1492 865 salva
1518 810 1730 880 sperare
1764 823 2017 883 poterat:

259 931 446 995 Nam,
487 927 766 997 postquam
811 925 1202 994 opprimendae
1240 924 1535 977 Libertatis
1580 925 2023 995 evertendaeque

257 1044 646 1104 Democratiae
692 1042 856 1112 gratia
885 1043 1078 1096 urbem
1101 1040 1241 1095 hosti
1274 1037 1636 1110 prodidissent
1663 1041 1832 1112 magis
1867 1057 2028 1112 quam

261 1158 633 1227 tradidissent,
661 1173 846 1212 muros
881 1156 1236 1228 dejecissent,
1267 1154 1484 1212 classem
1512 1157 1564 1211 &
1593 1158 1802 1212 navalia
1831 1157 2029 1211 dereli-

265 1273 812 1354 quiffent‚praefidio
841 1273 971 1330 freti
1000 1274 1260 1345 Spartano
1277 1315 1293 1341 ‚
1313 1274 1462 1343 quod
1473 1272 1752 1342 Lysander
1770 1313 1788 1340 ,
1804 1274 1913 1326 illis
1936 1287 2034 1343 pe-

269 1394 515 1452 tentibus
531 1392 777 1460 ‚civitati
808 1390 1136 1461 imposuerat
1154 1432 1171 1457 ,
1198 1390 1438 1460 ipsorum
1454 1389 1870 1445 Atheniensium
1898 1386 2038 1441 sum-

272 1512 426 1568 tibus
465 1506 757 1574 alendum,
799 1506 1233 1577 Triginta-Viri
1277 1505 1360 1559 isti
1402 1507 1739 1575 impotenter
1769 1506 1819 1559 δε
1845 1502 2039 1558 crude·

275 1626 406 1682 liter
444 1623 886 1680 dominabantur:
929 1621 1219 1678 Malebant
1259 1622 1469 1676 scilicet
1507 1621 1807 1691 imperiosis
1836 1618 2040 1674 servire

279 1741 733 1802 Lacedaemoniis
763 1754 922 1809 quam
952 1740 1011 1792 in
1046 1737 1219 1792 libera
1244 1739 1469 1792 civitate
1499 1754 1561 1793 ac
1589 1737 1685 1790 sub
1711 1734 1886 1789 forma
1910 1735 2050 1806 regi-

283 1858 445 1928 minis
473 1856 723 1927 populari
764 1869 888 1908 cum
927 1854 1146 1908 civibus
1180 1869 1356 1923 aequo
1379 1852 1498 1921 jure
1525 1854 1755 1907 vivere:
1798 1851 2049 1919 Cumque

285 1974 505 2030 initium
539 1969 795 2025 feciffent
823 1987 852 2025 a
881 1968 1340 2023 condemnatione
1377 1967 1426 2021 &
1455 1968 1670 2037 capitali
1697 1982 1886 2020 eorum
1918 1981 2052 2034 poe-

286 2087 358 2148 na
386 2128 405 2156 ,
457 2088 551 2157 qui
592 2086 689 2141 sub
731 2087 827 2139 illa
872 2087 1036 2154 Reip.
1077 2083 1256 2137 formai
1296 2084 1616 2139 calumniam
1656 2084 1954 2138 habuerant
1993 2082 2054 2134 in

291 2201 514 2276 quaestu
562 2199 809 2269 falsisque
860 2199 1289 2256 accusationibus
1334 2202 1574 2271 optimos
1618 2202 1771 2254 cives
1817 2211 2056 2252 vexave-

298 2327 448 2385 rant,
487 2332 617 2372 mox
639 2318 703 2370 ab
734 2316 862 2383 ista,
906 2332 1062 2386 quam
1085 2317 1217 2370 boni
1254 2332 1368 2370 non
1402 2317 1816 2386 vituperabant,
1855 2309 2058 2367 severi-

301 2445 415 2487 tate
453 2430 834 2488 ‘defiectentes
880 2430 945 2486 ad
992 2432 1250 2488 summam
1301 2431 1614 2502 injustitiam
1657 2432 1708 2485 &
1745 2429 2056 2495 feritatem,

306 2550 584 2605 neminem
613 2548 1115 2604 animadvertebant
1144 2551 1241 2605 vel
1283 2550 1546 2620 dignitate
1579 2548 1674 2603 vel
1699 2547 1895 2616 opibus
1929 2544 2062 2599 emi-

307 2682 473 2734 nere,
514 2667 646 2735 quin
677 2681 805 2720 eum
831 2664 1006 2720 statim
1045 2667 1280 2737 corripi,
1320 2668 1377 2720 in
1401 2680 1673 2721 carcerem
1701 2663 1865 2730 duci,
1906 2676 2065 2716 neca-

314 2782 357 2836 ri
383 2781 672 2851 juberent3
710 2784 783 2839 ita
821 2795 885 2838 ut
927 2784 1085 2840 brevi
1116 2782 1243 2841 octo
1273 2782 1537 2842 mensium
1564 2781 1773 2854 spatio,
1815 2793 1924 2851 quo
1952 2774 2065 2843 Ty·-

1955 2907 2070 2947 ran·
