2211 3228
217 264 283 313 ‘66
632 256 1607 310 ‘PROBATIONES

231 393 293 436 ad
314 406 377 435 res
406 394 574 447 quisque
599 395 819 446 privatas,
868 403 996 443 aequo
1022 389 1123 444 jure
1155 398 1333 432 uttmtztr
1353 403 1367 432 .·
1420 391 1553 452 Quod
1577 393 1635 436 ad
1656 392 1874 445 stationem
1901 406 2039 439 amem

230 462 557 517 dignitatemque
574 458 813 514 publicam,
850 459 996 509 prouti
1023 458 1179 514 singuli
1213 460 1257 499 in
1288 472 1333 499 re
1367 462 1513 514 aliqua*
1536 459 1639 513 fitnt
1670 464 1832 504 eximii.
1871 464 2038 517 Quibus

232 528 371 569 verbis
407 526 713 577 Thucydideus
742 525 921 567 Pericles
948 526 1262 568 Democratiam
1296 527 1591 570 Atheniensem
1624 529 1890 586 Oligarchiae
1911 532 2041 573 mani·

234 593 340 634 festo
365 592 542 644 opponit
558 621 571 642 ,
595 591 1008 643 nonAristocratiae.
1031 595 1088 636 Et
1107 608 1205 637 vero
1222 596 1304 637 hoc
1321 596 1564 649 discrimen,
1596 607 1728 638 aetate
1751 598 1916 649 quidem
1934 599 2044 642 Peri-

231 660 309 702 clis
338 672 385 702 ac
403 658 673 712 Thucydidis
689 690 703 710 ,
725 671 931 713 perpetuo
959 661 1230 704 observarunt
1252 662 1486 718 Scriptores
1505 665 1665 707 Attici:
1697 664 1840 718 Atque
1866 666 2045 708 saluber-

229 728 380 770 timum
404 728 507 770 illud
527 728 653 781 Reip.
682 729 786 770 bene
813 728 1058 770 constitutae
1081 739 1443 784 temperamentum
1470 731 1527 774 est
1543 765 1558 786 ,
1588 746 1665 787 pro
1688 735 1808 786 qu‘us
1831 735 2044 787 perpetui-

233 805 320 838 tate
349 807 448 841 vota
473 796 637 849 suscipit
661 795 821 837 Patriae
852 797 1146 840 amantissimus
1176 798 1557 843 AESCHYLus:
1597 801 1643 842 In
1673 814 1723 843 eo
1752 801 1907 854 quippe
1939 801 2044 842 Dra-

228 873 363 915 mate,
410 864 482 906 ubi
518 864 745 917 persec'tum
785 863 916 916 Regis
951 877 1045 906 cum
1075 866 1238 920 Populo
1278 866 1352 909 suo
1383 869 1552 912 consilia
1585 868 1655 911 sua
1692 870 2042 913 communicantis

225 934 435 987 exemplar
471 932 666 984 exhibet,
697 931 771 973 sub
807 931 1043 974 Danaidum
1073 932 1274 986 persona,
1305 935 1415 976 inter
1444 939 1522 979 alia
1541 937 1734 990 egregia,
1765 938 1846 979 hoc
1872 951 2045 991 quoque

229 1010 376 1055 optat,
409 1000 594 1054 (Suppl.
622 1014 668 1041 v.
692 999 822 1051 706.)
863 1000 898 1022 ‘⁶
929 1009 975 1041 ut
1003 1000 1157 1052 vulgus
1183 1000 1336 1043 civium
1362 1003 1435 1045 fibi
1466 1014 1631 1048 caveret
1653 1016 1674 1044 a
1696 1007 2044 1059 contemnendis,

230 1099 268 1122 „
299 1070 371 1122 qui
393 1073 437 1110 in
458 1068 626 1110 civitate
642 1076 785 1118 erant,
813 1068 1154 1121 Magistratibus;
1182 1076 1312 1120 utque
1334 1068 1533 1122 semperii
1548 1103 1561 1122 ,
1585 1073 1657 1125 qui
1679 1072 1959 1126 principatum
1982 1083 2044 1116 te-

230 1167 269 1190 ,‚
299 1145 447 1180 nerent
467 1136 510 1179 in
534 1135 773 1190 Republica
788 1167 802 1189 ,
833 1137 1003 1180 confilia
1021 1137 1091 1179 sua
1111 1137 1288 1190 provide
1309 1150 1405 1181 cum
1424 1138 1589 1194 Populo
1613 1142 1993 1185 communicarent.
2009 1141 2037 1160 ’⁹

663 1272 843 1312 ‹evada-oe
876 1273 911 1313 τ’
946 1272 1096 1325 ἀτιμίαις
1126 1273 1235 1322 τιμὰς

657 1340 704 1382 T}
735 1341 849 1388 δήμιον
870 1358 880 1369 ·
913 1346 973 1386 τὶν
1001 1345 1121 1384 πτδλιν
1153 1337 1317 1394 κςφτῦνοι

658 1413 862 1465 Πςομοιθεῦς
894 1413 1114 1463 εὖκοινὸμηἿις
1146 1410 1265 1464 &3750ss-

218 1557 337 1586 ⁴-—
365 1549 636 1601 Talibusque
670 1560 749 1601 ego
782 1546 889 1600 juris
926 1544 967 1588 &
1005 1548 1128 1600 aequi
1165 1547 1209 1590 in
1242 1545 1454 1599 diligenda
1490 1546 1750 1600 colendaque
1784 1545 1896 1600 Rep.
1928 1544 2045 1600 prin·

216 1617 345 1672 cipiis
376 1617 635 1668 innutritus,
668 1628 776 1668 quae
811 1628 861 1658 ex
891 1615 1181 1669 Scriptoribus
1217 1612 1396 1657 Graecis
1420 1613 1700 1668 Latinisque,
1730 1614 1904 1657 Ltvlo
1925 1625 2044 1667 prae-

220 1685 359 1729 sertim
395 1684 436 1726 &
463 1682 780 1726 CICERONE
802 1697 923 1736 meo,
956 1682 1200 1734 hauseram,
1230 1680 1476 1725 aelectione
1498 1684 1697 1737 deinceps
1718 1695 1862 1726 eorum
1889 1683 2042 1735 etiam,

222 1753 300 1808 qui
324 1750 542 1807 praecipui
575 1749 805 1793 Libertatis
839 1749 993 1793 Civilis
1019 1749 1256 1793 defensores
1281 1747 1322 1790 ἃ
1346 1748 1443 1793 sunt
1472 1752 1512 1795 &
1546 1753 1780 1804 habentur,
1822 1752 2042 1794 Locxu

222 1821 406 1865 smmi
417 1831 587 1874 J1que,
631 1820 903 1863 confirmatus
925 1849 940 1871 ,
980 1819 1030 1861 ab
1062 1818 1158 1871 ipfis
1193 1817 1378 1861 muneris
1418 1819 1500 1862 mei
1539 1821 1583 1863 in
1621 1819 1852 1864 Academia
1885 1817 2042 1859 Batava

219 1887 417 1942 auspiciis
439 1889 610 1942 publice
633 1889 847 1932 dicebam:
881 1889 915 1912 ‘⁶
934 1886 1106 1940 Optima
1127 1885 1255 1940 Reip.
1274 1885 1586 1932 constituendae
1606 1888 1741 1932 forma
1765 1900 1812 1930 ea
1832 1886 1889 1929 est
1904 1917 1918 1939 ,
1934 1897 2042 1939 quae

219 1986 259 2012 1„
289 1956 517 2011 prudenter
551 1969 603 1999 ex
628 1956 768 2000 Plebis
804 1966 929 2010 atque
953 1955 1231 2008 optimatium
1255 1955 1432 2009 imperio
1460 1957 1518 1999 ita
1539 1957 1588 2000 fit
1606 1964 1863 2010 temperata,
1896 1963 1943 1996 ut
1968 1965 2040 1996 ne·

221 2056 259 2081 „
289 2038 371 2080 que
402 2025 593 2079 Populus
626 2026 676 2067 de
712 2025 869 2068 summa
900 2023 1027 2076 Reip.
1062 2034 1247 2076 unquam
1279 2026 1561 2079 pronunciet,
1601 2027 1670 2069 vel
1701 2026 1743 2068 in
1768 2023 1941 2077 judiciis
1966 2023 2042 2064 do-

224 2126 261 2150 „
290 2095 500 2146 minetur,
532 2107 672 2146 neque
703 2094 970 2147 Optimates,
1005 2091 1055 2132 ab
1086 2092 1204 2134 omni
1236 2093 1392 2135 civium
1419 2092 1587 2135 suorum
1615 2092 1788 2136 arbitrio
1822 2092 1865 2134 in
1899 2103 2044 2133 crean-

220 2193 259 2217 „
290 2164 355 2205 dis
385 2162 704 2216 Magistratibus
737 2161 885 2213 liberi,
928 2159 1125 2202 Civitatis
1154 2159 1194 2200 se
1224 2161 1357 2214 magis
1395 2161 1591 2203 dominos
1622 2172 1746 2213 quam
1774 2160 1955 2203 rectores
1978 2171 2042 2200 ar-

223 2261 259 2285 „
288 2231 514 2274 bitrentur.
574 2231 800 2275 Moderata
836 2229 1048 2284 ejusmodi
1080 2229 1109 2271 fi
1144 2230 1350 2282 probetur
1376 2230 1419 2273 in
1444 2229 1666 2283 Regimine
1692 2229 1887 2281 mistura,
1918 2237 2041 2281 opta-

220 2329 255 2352 „
287 2299 434 2342 tiffima
466 2299 584 2342 simul
616 2299 747 2341 aderit
779 2300 1043 2353 aequalitas,
1083 2311 1170 2341 non
1197 2297 1270 2340 ista
1293 2309 1399 2350 quae
1423 2310 1473 2339 ex
1503 2298 1685 2351 plurium
1721 2309 1827 2342 voto
1851 2297 2041 2340 omm‘bus

222 2396 258 2420 „
291 2366 426 2421 idem,
458 2368 526 2411 sed
563 2382 610 2411 ea
641 2381 747 2422 quae
769 2368 893 2422 suum
911 2367 1095 2424 singulis
1117 2369 1301 2420 tribuat,
1331 2380 1410 2422 pro
1439 2367 1639 2421 dignitate
1663 2377 1874 2421 quemque
1904 2363 2043 2406 hono·

221 2464 257 2489 „
289 2446 353 2478 ret
377 2466 392 2488 ,
432 2449 480 2479 ac
509 2437 644 2479 malos
675 2435 818 2487 cives,
857 2437 1117 2478 turbidarum
1149 2436 1385 2490 praesertim
1420 2448 1559 2478 rerum
1596 2435 1818 2487 auftoreS,
1863 2431 1904 2474 &
1935 2430 2041 2474 sedi-

222 2534 257 2557 „
286 2505 416 2548 tionis
443 2507 573 2550 duces
592 2538 606 2558 ,
639 2505 790 2560 poenis
819 2503 989 2557 castiget
1014 2504 1291 2548 meritiffimis.
1307 2505 1338 2524 ”
1364 2525 1473 2539 -—
1497 2504 1788 2557 'Tantumque
1814 2510 1917 2543 tunc
1943 2499 2042 2542 abe-

219 2584 306 2616 ram
338 2575 388 2617 ab
417 2575 489 2618 illa
518 2574 824 2629 exspectatione
850 2573 943 2617 fore
974 2572 1230 2626 aliquando,
1272 2583 1321 2618 ut
1347 2573 1420 2628 qui
1442 2573 1499 2616 ita
1521 2573 1719 2625 sentiret,
1749 2571 1867 2614 velut
1899 2568 2041 2621 aliqua·

220 2641 420 2687 horrendi
456 2644 650 2687 carminis
678 2645 801 2698 iege,
835 2670 1184 2687 ........
1216 2641 1300 2684 Sed
1326 2642 1376 2684 de
1401 2642 1449 2684 ea
1478 2640 1647 2695 quidem
1676 2653 1720 2682 re
1749 2638 1864 2681 filere
1898 2637 2038 2680 hafte-

222 2721 304 2752 nus
333 2711 540 2764 praestat,
580 2739 872 2758 .......
914 2711 1145 2764 potiusque
1178 2709 1379 2764 exemplis
1407 2723 1537 2764 porro
1569 2708 1873 2759 demonstrare,
1919 2702 2037 2758 quod

223 2778 346 2832 supra
372 2779 747 2824 animadvertebam
765 2812 780 2834 ‚
813 2794 959 2824 ornnes
983 2782 1156 2823 omnino
1188 2777 1426 2831 Scriptores
1456 2779 1646 2822 Graecos
1664 2808 1679 2828 ‚
1712 2775 1884 2818 Atticos
1917 2783 2038 2828 prae·

220 2845 391 2902 ferti-m,
442 2849 514 2903 qui
551 2859 646 2895 ante
677 2850 907 2894 Alexandri
937 2850 1089 2905 Magni
1121 2855 1299 2892 aetatem
1341 2845 1576 2892 floruerunt
1596 2875 1613 2901 ,
1661 2841 1904 2898 bearoxgx‘liav
1931 2841 1962 2884 i.
1996 2850 2038 2881 e·

1940 2917 2044 2952 tem-
