2211 3228
686 254 798 301 ET
867 249 1666 302 ADNoTATiones.
2019 275 2074 319 91

268 391 469 450 Judicans
499 380 558 432 tot
583 385 642 439 ὃ)
665 394 751 428 tam
783 384 882 427 hene
916 384 1081 425 meritos
1110 397 1162 424 ex
1190 382 1370 439 ind1’gnd
1398 386 1534 440 cauffii
1562 389 1716 443 impetu
1743 387 1928 431 invidiae
1959 391 2074 435 abri-

260 465 340 520 pi,
370 459 599 505 temeritati
631 452 916 497 multitudinis
948 449 1213 502 constantiam
1235 449 1357 503 fitam
1384 452 1560 506 objecit,
1592 459 1849 514 maximoque
1869 462 2073 504 concionis

263 530 439 585 fragore
466 525 523 578 ξς)
554 521 844 575 incitatiffimis
878 522 1001 562 minis
1031 518 1256 571 compulsits
1285 532 1364 560 non
1393 521 1472 574 est,
1502 534 1548 564 ut
1569 524 1616 576 se
1631 526 1828 578 publicae
1847 527 2076 574 dementiae

267 598 471 641 ‹tuciorem
507 592 779 647 adscriberet.
839 588 964 648 Quae
990 587 1163 642 oppositu
1199 588 1289 642 ejus
1315 588 1506 640 legitima*
1529 592 1713 646 graffizri
1741 596 1809 637 ria*
1828 598 2072 652 prohibita,

273 664 425 719 injusto
456 663 705 704 Praetorum
737 672 882 700 cruore
919 671 1064 698 manus
1094 656 1196 709 setas
1232 658 1513 698 contaminare
1534 660 1833 710 perseverarit.
1896 666 1990 710 IVec
2021 673 2058 711 ti
2068 691 2080 703 ·

267 734 373 774 muit
400 731 616 780 Socrates,
647 743 696 770 ne
721 727 1001 775 consternatae
1032 726 1212 767 Patriae
1243 724 1479 767 undecimus
1499 725 1626 778 furor
1653 743 1756 773 mors
1784 734 1902 788 ipsius
1934 737 2077 789 existe-

269 808 350 841 ret.
384 819 491 830 --
531 795 651 848 Quae
680 796 913 849 postrema,
960 806 1080 846 quam
1111 793 1192 834 levi
1226 806 1321 834 cum
1355 794 1454 834 curti
1481 792 1699 838 Historiam
1735 802 1977 845 loeiitaverit
2006 815 2076 847 aut

274 868 346 909 sua
383 864 480 906 inde
519 863 705 915 exempla
739 862 1008 916 depromserit
1044 860 1269 911 Valerius,
1309 861 1524 903 manifesto
1561 865 1764 916 produnt.
1836 871 1989 912 Vorstii
2027 874 2077 914 ad

269 935 386 978 illum
417 934 556 975 locum
589 943 768 972 errorem
799 930 920 972 novis
949 929 1160 971 erroribus
1192 928 1423 970 cumulavit
1455 928 1706 975 TorreniuS.
1749 959 1858 967 ---
1908 938 2074 982 faffflffi

272 1004 493 1055 sanequam
531 999 781 1042 notissimum
813 999 898 1051 est,
950 1007 1038 1039 tum
1085 1008 1135 1037 ex
1175 996 1282 1043 locis
1326 1009 1435 1048 quos
1480 998 1601 1052 supra
1630 1001 1941 1058 adscripsiinus,
1986 1017 2076 1052 tum

266 1071 503 1127 praesertim
528 1081 578 1110 ex
598 1068 920 1109 XENOPHON
937 1076 1024 1105 TIS
1048 1064 1277 1106 Hellenicis
1298 1064 1398 1106 Lib.
1423 1066 1461 1108 Ι.
1486 1080 1583 1120 pag.
1610 1071 1705 1111 962.
1734 1073 1799 1112 ἢ6.
1832 1074 1899 1114 ed.
1924 1075 2075 1129 Steph.

267 1153 394 1194 quam
435 1137 749 1180 Hellenicorum
787 1143 944 1187 partem
994 1135 1142 1176 merito
1187 1134 1294 1175 inter
1329 1134 1514 1191 Eclogas
1540 1137 1642 1189 sitas
1684 1137 1910 1187 Historicas
1944 1155 2078 1196 nuper

266 1207 410 1250 retulit
444 1206 517 1248 Cl.
558 1205 788 1246 DAN1EL
832 1203 1278 1245 VVYTTENBACH.
1330 1201 1490 1244 Merito
1526 1204 1647 1244 etiam
1680 1204 1779 1257 ille,
1827 1209 1878 1251 de
1908 1211 2075 1254 Socrate

264 1274 467 1330 Eptstatd
499 1285 652 1326 agens,
685 1272 999 1321 animadvertit,
1038 1272 1100 1311 ita
1129 1271 1281 1324 diserte
1316 1271 1521 1324 appellari
1549 1285 1574 1311 a
1605 1271 1867 1327 Xenophonte
1900 1281 1945 1321 in
1974 1280 2077 1322 Me-

265 1342 561 1392 morabilibu53
593 1341 716 1397 idque
744 1339 993 1388 tenendum,
1023 1352 1096 1380 nec
1127 1353 1234 1381 mero
1268 1341 1443 1380 aliorum
1473 1339 1648 1380 locorum
1666 1340 1828 1394 silentio
1851 1347 2076 1401 repudian-

266 1409 383 1452 dum.
444 1408 647 1451 Adsentio
685 1407 838 1460 pariter
873 1405 1101 1458 scribenti,
1152 1410 1186 1431 ‘⁶
1218 1418 1352 1449 totum
1386 1408 1498 1448 hunc
1531 1407 1737 1450 Historiae
1776 1413 1916 1455 locum
1950 1416 2077 1457 vehe-

271 1508 307 1532 „
339 1486 500 1520 menter
531 1475 735 1518 adversari
769 1487 912 1517 eorum
953 1475 1205 1526 sententiae,
1237 1475 1308 1526 qui
1336 1474 1541 1517 Proedros
1563 1477 1797 1520 Concionis
1820 1480 2026 1523 Praesides
2052 1495 2075 1524 a

271 1579 309 1602 ,‚
339 1545 593 1600 Prytanibus
635 1544 815 1584 Senatus
844 1543 1102 1584 Praesidibus
1143 1541 1327 1582 diversos
1357 1541 1434 1583 ess‘e
1464 1544 1671 1587 volunt.”
1719 1547 1802 1588 Seu
1831 1547 1967 1589 dicere
1993 1561 2078 1592 ma·

266 1617 395 1659 limus
423 1612 556 1666 (quia
582 1610 655 1652 ista
690 1608 890 1650 sententia
918 1621 1014 1651 vera
1045 1608 1124 1650 effe
1154 1606 1288 1661 potest
1308 1637 1323 1658 ‚
1360 1608 1481 1652 salvis
1511 1612 1564 1653 iis
1607 1626 1712 1666 quae
1743 1626 1765 1655 a
1795 1615 2077 1668 Xenophonte

263 1681 420 1736 scripta
448 1678 778 1734 repe1·iuntur‚)
807 1698 864 1709 --
892 1677 989 1729 seu,
1020 1678 1218 1730 inquam,
1249 1675 1392 1728 potius
1415 1678 1630 1733 dicamus,
1661 1683 1777 1723 illum
1798 1684 1941 1724 locum
1958 1694 2079 1725 ever.

263 1760 354 1796 tere
382 1749 626 1792 sententiam
662 1757 806 1788 eorum
829 1774 843 1796 ‚
885 1745 958 1798 qui
986 1746 1054 1800 Jus
1088 1746 1282 1788 mittendi
1318 1745 1521 1797 populum
1559 1746 1602 1788 in
1631 1747 1821 1804 suffragia
1855 1750 2012 1805 semper
2037 1751 2079 1794 δε

266 1829 476 1876 perpetuo
499 1815 619 1860 fuisse
651 1813 881 1857 existimant
912 1816 1023 1867 apud
1057 1814 1281 1869 Epistatam
1307 1812 1346 1854 &
1367 1812 1462 1853 ocio
1488 1814 1722 1871 Proedros‚
1755 1821 1827 1873 qui
1856 1832 1906 1862 ex
1925 1831 2079 1862 novem

268 1888 492 1932 Tribubus
523 1884 762 1938 Prytaniam
801 1895 888 1925 non
919 1883 1176 1926 obeuntibus
1210 1883 1261 1924 ad
1292 1893 1416 1923 unam
1449 1881 1560 1925 illam
1601 1889 1849 1931 concionem
1883 1888 2079 1941 legeban-

269 1967 375 2009 tur,
416 1967 503 1999 non
534 1964 663 2007 penes
695 1951 924 2006 Epistatam
959 1960 1084 2002 atque
1123 1963 1274 1993 novem
1304 1948 1515 1991 Proedros
1539 1982 1554 2003 ,
1595 1955 1699 2008 qui,
1743 1970 1792 1999 ex
1824 1955 2075 2010 prytanibus

272 2026 386 2069 ducii
407 2054 421 2076 ,
453 2036 527 2079 per
555 2022 748 2075 septenos
786 2019 874 2060 dies
900 2017 1072 2059 Senatui
1093 2016 1434 2075 Quingentorum
1464 2033 1706 2077 praeerant,
1736 2023 1893 2078 ipsique
1912 2023 2076 2076 Populo

266 2095 312 2138 in
346 2093 595 2136 concionem
624 2096 860 2132 convocato
891 2083 1192 2138 praesidebant.
1251 2083 1356 2125 Rem
1376 2115 1391 2136 ,
1434 2097 1557 2137 quam
1588 2089 1673 2132 duo
1699 2092 1818 2144 Itali,
1858 2091 1908 2132 de
1931 2090 2076 2133 Rehm

266 2162 429 2207 Atticis
473 2158 636 2213 egregie
678 2154 935 2210 promeriti,
977 2153 1304 2194 EDUARDUS
1345 2153 1643 2200 CORSINUS
1697 2160 1737 2201 ἃ
1789 2159 2075 2201 CLEMENS

267 2231 541 2280 ssmmus,
581 2238 666 2268 non
697 2223 841 2266 multis
883 2221 1034 2264 abhinc
1063 2219 1180 2259 annis
1206 2219 1328 2270 primi
1352 2220 1615 2276 docuerunt,
1649 2236 1696 2268 ut
1716 2234 1870 2269 certam
1894 2225 1935 2268 &
1953 2226 2077 2270 indu.

270 2297 441 2339 bitatam
457 2326 471 2348 ,
502 2294 615 2337 haud
633 2293 795 2335 levibus
818 2299 954 2333 tamen
971 2286 1284 2329 difficultatibus
1305 2288 1528 2343 dubiisque
1547 2294 1818 2347 implicitam,
1848 2307 1956 2348 n05‚
1977 2309 2077 2351 pro.

267 2364 449 2406 babilem
480 2361 760 2415 conjeciuram
781 2357 932 2408 secuti,
961 2357 1088 2409 paulo
1111 2354 1401 2398 dilucidiorem
1433 2360 1652 2404 reddidisse
1673 2361 1782 2405 forte
1801 2363 2070 2418 videbimur,

267 2430 299 2473 fi
333 2428 574 2482 opinionem
608 2428 816 2480 nostram,
857 2438 981 2479 quam
1014 2422 1240 2466 brevissime
1275 2426 1525 2480 expositam,
1576 2442 1656 2482 eo,
1699 2442 1822 2482 quem
1864 2429 2073 2475 Lectioni-

270 2499 345 2542 bus
375 2497 526 2544 nostris
569 2498 728 2541 Atticis
764 2492 1127 2552 praescripsimus,
1181 2492 1337 2548 modo,
1381 2493 1617 2550 speciminis
1657 2497 1822 2553 instar,.
1860 2499 1942 2544 hoc
1971 2502 2069 2551 1020

267 2565 583 2611 confirmemus⁴

1093 2695 1247 2749 Q<

1261 2898 1312 2941 M
1341 2913 1366 2942 2
1961 2904 2078 2949 Dis«
