2211 3228
569 205 705 266 DE
783 199 1292 265 SOCRATE
1370 203 1654 262 CIVE.'
1917 223 1984 278 33

226 382 413 437 nates,
463 367 558 422 seu
599 367 765 437 Reip.
810 365 1029 422 Atticae
1070 379 1170 436 per
1218 377 1387 420 unum
1435 365 1579 419 diem
1628 359 1973 429 PraefeEtuS‚

228 487 390 542 nullis
419 485 513 537 ille
545 485 859 553 potentium
898 483 1057 535 minis
1086 479 1446 546 conterritus,
1486 481 1646 534 nullis
1673 478 1975 533 multitudi-

226 604 309 656 nis
341 599 663 653 clamoribus
701 598 1077 665 perturbatus,
1118 593 1413 665 praefracte
1444 594 1855 665 constanterque
1883 609 1983 648 ne*

225 717 403 789 gavit,
445 713 498 766 se
529 710 819 780 quidquam
850 710 1147 775 facturum,
1185 710 1333 779 quod
1362 709 1601 780 Legibus
1632 709 1764 764 esset
1790 709 1977 764 adver-

221 830 368 896 sum,
390 829 521 898 quin
550 828 709 880 malle
740 826 792 880 se
813 829 951 880 mori
969 842 1126 896 quam
1142 826 1532 881 sacratissimum
1550 867 1565 893 ,
1590 825 1736 894 quod
1756 825 1978 879 Senator

227 943 596 1015 praestiterat,
635 941 1004 1009 jusjurandum
1040 941 1246 994 violare
1275 980 1293 1008 ,
1334 941 1390 994 id
1422 940 1573 995 ausus
1603 941 1722 1011 (ait
1753 941 1979 993 XENo-

225 1058 459 1130 PHoN)
513 1055 662 1126 quod
705 1072 869 1110 nemo
910 1057 1214 1111 mortalium
1256 1067 1470 1126 praeter
1519 1057 1796 1110 Socratem
1831 1054 1977 1109 susti-

224 1172 451 1228 nuisset:
509 1172 774 1241 Vicitque
814 1173 916 1226 viri
956 1188 1100 1242 pene
1143 1171 1384 1228 dixeram
1429 1171 1602 1227 divini
1642 1171 1974 1225 incredibilis

225 1289 529 1355 fortitud0‚
583 1303 696 1342 non
736 1287 788 1341 id
835 1288 1055 1358 quidem
1080 1329 1098 1356 ,
1159 1301 1223 1342 ut
1258 1288 1449 1343 Duces
1488 1288 1553 1341 ad
1589 1266 1854 1357 populum
1901 1289 1980 1340 rei

228 1402 368 1460 salvzi
406 1401 521 1457 vita
564 1403 939 1467 discederent,
975 1403 1068 1455 sed
1101 1415 1162 1455 ut
1191 1402 1304 1471 ipse
1339 1416 1513 1454 noxae
1541 1416 1651 1453 non
1680 1402 1982 1470 implicare·

227 1532 344 1585 tur,
384 1532 541 1586 quam
585 1515 771 1584 postea
812 1515 1125 1569 Callixenus
1166 1517 1215 1569 δε
1260 1516 1661 1582 TherameneS,
1704 1518 1835 1585 quin
1864 1519 1982 1572 uni-

223 1631 411 1688 versus
442 1630 681 1700 Populus
724 1629 1072 1684 Atheniensis
1117 1631 1267 1683 luere
1311 1629 1456 1683 visus
1501 1628 1609 1697 est,
1652 1648 1680 1684 a
1710 1630 1983 1686 Lacedae-

226 1748 424 1803 moniis
469 1745 563 1800 sub
607 1750 796 1818 jugum
840 1742 1019 1799 miffus
1065 1761 1123 1798 ac
1164 1745 1530 1800 crudelissimis
1570 1746 1833 1814 Tyrannis
1879 1747 1985 1803 ser,

226 1866 343 1920 vire
388 1862 619 1917 coactus,

300 1978 377 2033 Et
408 1995 542 2049 quae
576 1980 771 2033 iterum
793 2021 808 2048 ,
850 1979 1080 2052 quaeso,
1124 1983 1321 2053 optimi
1366 1983 1519 2039 Civis
1546 1980 1741 2049 nostri,
1782 1981 1874 2051 qui
1902 1998 1980 2038 ar-

233 2094 424 2149 dorem
482 2094 796 2147 insanientis
841 2096 1038 2165 Populi
1096 2098 1341 2164 placidus
1392 2098 1702 2166 spreverat,
1741 2123 1797 2138 —
1844 2110 1981 2166 quae

231 2208 466 2263 Socratis
507 2206 602 2260 sub
641 2209 878 2277 triginta
907 2209 1054 2263 hisce
1107 2209 1405 2279 Tyrannis,
1446 2208 1777 2279 peffumdata
1801 2210 1979 2280 justis-

230 2298 357 2376 finni
382 2324 544 2377 etiam
569 2324 818 2377 libertate
835 2364 852 2391 ,
897 2325 948 2378 &
975 2324 1101 2379 dum
1130 2326 1324 2393 reliqui
1351 2341 1541 2380 omnes
1566 2338 1655 2381 aut
1677 2328 1734 2381 in
1758 2328 1983 2386 exilium

232 2437 512 2505 abiissent,
554 2451 642 2493 aut
667 2439 844 2493 timidi
877 2439 1174 2508 servirent,
1216 2468 1272 2482 --
1310 2456 1446 2511 quae
1481 2441 1717 2512 denique
1743 2443 1982 2499 Socratis

236 2568 350 2608 tum
392 2553 498 2608 fuit
541 2554 832 2608 conditio?
890 2554 1030 2609 Non
1071 2558 1170 2610 alia
1215 2573 1372 2627 quam
1412 2573 1548 2627 quae
1588 2559 1823 2631 hominis
1857 2527 1982 2631 per·

232 2682 402 2737 petuo
441 2671 598 2724 liberi
640 2670 887 2723 conditio
931 2670 1038 2725 esse
1074 2673 1243 2726 solet:
1286 2672 1448 2726 Nihil
1482 2687 1666 2729 contra
1690 2675 1869 2747 Leges
1898 2674 1980 2729 fe·

238 2784 348 2847 cit3
388 2795 582 2853 atque,
621 2785 702 2838 uti
731 2798 853 2841 ante
881 2787 1126 2858 Popu10,
1167 2788 1237 2842 fic
1265 2790 1317 2843 &
1348 2805 1470 2845 cum
1501 2790 1742 2864 Legibus
1777 2791 1825 2846 T
1828 2808 1982 2860 yran-

1158 2904 1205 2958 E
1866 2907 1981 2962 nidi
