2211 3228
201 237 275 296 42
651 216 1506 276 ORATIO

204 376 326 444 isti,
367 376 614 442 inquam,
658 372 790 442 qui,
830 370 959 426 dum
994 372 1216 429 absurda
1255 373 1390 430 haec
1436 373 1662 430 crimina
1702 377 1759 432 in
1795 379 1977 438 virum

206 489 572 545 sanctissimum
614 487 988 561 confingeret,
1029 491 1241 562 privata
1282 490 1440 560 odia,
1481 490 1598 547 suas
1643 492 1776 561 iraS,
1833 493 1981 564 spre-

206 615 467 674 tumque,
512 622 620 674 quo
662 604 1004 660 Alcibiadem
1055 606 1188 660 olim
1228 606 1572 678 deperierat,
1628 621 1868 663 amorem
1897 612 1981 664 ui-

207 718 541 776 ciscebatur:
585 719 736 776 Nam
768 719 907 775 caste
935 721 1091 774 amari
1122 738 1149 775 a
1173 720 1414 778 formoso
1449 724 1655 794 juvene
1689 724 1979 780 continen-

208 836 457 890 tissimum
514 834 610 889 sed
659 836 1061 906 pauperrimum
1111 836 1407 906 sapientiae
1459 838 1798 911 magistrum,
1853 839 1983 894 dum

208 951 356 1022 ipse,
397 951 566 1004 homo
599 963 798 1019 potens
826 966 886 1003 ac
919 950 1111 1016 diveS,
1151 951 1216 1003 ab
1250 952 1535 1007 Alcibiade
1585 952 1889 1017 rideretur,
1929 977 1987 993 --

207 1065 265 1118 id
299 1080 435 1118 vero
491 1077 635 1135 erat,
689 1065 839 1134 quod
877 1081 981 1119 nec
1031 1063 1180 1120 ferre
1241 1082 1423 1137 neque
1472 1066 1723 1123 oblivisci
1768 1077 1987 1136 poterat

209 1178 534 1235 ferocientis
579 1182 889 1254 Demagogi
936 1180 1235 1251 superbia,
1269 1182 1327 1237 id
1368 1194 1513 1251 erat,
1557 1181 1705 1253 quod
1742 1181 1851 1251 jam
1889 1180 1989 1235 sub

209 1295 441 1366 persona
498 1297 676 1364 illius,
735 1301 827 1368 qui
882 1298 1113 1353 Patriam
1162 1298 1481 1367 Patriaeque
1537 1298 1698 1353 Deos
1737 1299 1990 1352 tuebatur

214 1409 458 1464 scilicet!
501 1411 781 1465 vindicare
817 1413 871 1466 se
914 1412 1068 1483 posse
1101 1416 1471 1469 arbitrabatur.
1510 1438 1567 1454 ·-
1604 1413 1779 1468 Larva
1808 1413 1990 1467 Accu-

216 1524 479 1582 satoribus
506 1529 742 1582 Socratis
772 1528 920 1582 foret
949 1528 1311 1584 detrahenda:
1366 1526 1779 1582 ostendendum
1798 1568 1817 1595 ,
1859 1527 1994 1598 quid

215 1642 495 1711 obrepens
540 1643 731 1697 sensim
775 1644 1075 1712 sensimque
1120 1646 1300 1699 valeat
1336 1643 1748 1713 improbissimae
1799 1643 1851 1698 &
1890 1644 1993 1697 im-

215 1755 626 1826 pudentiffimae
671 1760 970 1814 calumniae
1010 1763 1200 1825 virus3
1245 1773 1382 1828 quae
1420 1759 1867 1811 calumniatorum
1892 1757 1997 1812 fint

220 1882 393 1939 arteS,
435 1885 552 1928 tum
597 1877 830 1930 maxime
885 1877 1100 1945 quando
1132 1876 1196 1930 ab
1240 1877 1461 1930 homine
1490 1876 1670 1945 aliquo
1701 1871 1996 1944 ingenioso

220 1983 316 2041 sed
341 2004 606 2059 nequam,
650 1993 818 2058 qualis
853 1991 960 2046 fuit
1005 1990 1419 2059 Aristophanes,
1461 1989 1817 2058 adjuvantur,
1856 2005 1999 2058 quae

221 2098 459 2156 Socratis
519 2104 690 2158 fuerit
740 2109 1024 2178 integritas
1054 2148 1070 2174 ,
1125 2105 1463 2172 constantia,
1514 2104 1681 2167 fides3
1736 2119 1871 2172 quae
1912 2120 1997 2159 re-

222 2218 390 2287 ligio,
443 2219 591 2288 quod
626 2219 722 2274 sub
775 2223 1213 2292 iniquiffimorum
1255 2220 1501 2289 judicum
1541 2217 1764 2272 fremitu
1807 2220 1999 2273 incon·

224 2331 429 2386 cuffum
470 2335 707 2405 pestoris
753 2339 949 2403 robur,
992 2355 1130 2408 quae
1173 2336 1370 2390 frontis
1412 2334 1701 2398 serenitas;
1756 2349 1891 2401 quae
1939 2335 1998 2388 in

230 2465 445 2504 carcere
490 2453 851 2521 tranquillitas
896 2455 1058 2507 animi
1095 2454 1142 2507 &
1187 2451 1481 2522 patientia,
1524 2464 1682 2517 quam
1720 2448 2001 2505 obfirmata

232 2565 298 2618 ad
349 2567 647 2637 parendum
697 2570 940 2640 Legibus
994 2571 1280 2635 volunta-s,
1337 2564 1583 2637 quandO,
1637 2565 1763 2618 dum
1805 2563 2001 2635 fugere·

233 2680 415 2751 aperta
454 2681 610 2752 porta
669 2684 897 2753 liceret,
949 2697 1180 2755 urgente
1234 2683 1475 2738 fidissimo
1517 2684 1692 2737 amico
1737 2681 2001 2749 Critone,

235 2796 352 2865 jura
380 2799 584 2852 Patriae
616 2797 669 2852 se
699 2800 755 2854 in
787 2811 1038 2854 extremo
1072 2801 1219 2856 vitae
1252 2801 1440 2854 limine
1482 2799 1810 2854 violaturum
1840 2813 2002 2867 nega-

1887 2911 1970 2965 vit
1986 2951 2009 2977 ,
