2211 3228
198 219 277 274 40
656 194 1506 254 ORATIO

196 355 502 433 potentiam
541 349 723 418 suam,
767 366 877 423 quo
919 352 1157 424 plurium
1181 350 1460 406 interefl'et
1484 392 1501 420 ,
1542 362 1605 405 ut
1634 361 1836 421 patrata
1868 352 1965 410 sub'

202 468 510 538 Tyrannide
539 468 763 522 crimina
796 466 1061 538 impunita
1102 478 1399 521 manerent.
1478 465 1648 537 Igitur
1681 465 1961 533 solebant,

199 584 238 638 s1
277 599 442 652 quem
498 584 661 636 morti
713 583 1088 650 destinaffent‚
1144 583 1261 637 aliis
1305 582 1517 635 civibus
1556 582 1842 648 mandare,
1902 594 1964 635 ut

199 699 472 755 vitstimam
523 697 847 753 arcefferent
906 710 1264 767 curarentque
1323 697 1670 754 maetandam.
1708 726 1766 738 -
1816 702 1857 729 ‘⁶
1890 696 1965 752 Et

204 857 245 884 ,‚
287 816 424 871 haec
469 815 693 885 quidem
738 814 1059 885 (Socratis,
1102 812 1377 866 referente
1428 826 1802 882 PLAToNE,
1843 812 1967 867 sunt

204 971 246 999 2,
286 931 505 1001 verba)
546 960 600 969 -—
640 930 688 982 ὃς
716 932 851 983 haec
892 928 1115 995 quidem
1160 928 1216 978 in
1243 925 1353 978 istis
1388 926 1678 991 Comitiis‚
1720 930 1817 980 ubi
1849 928 1968 981 Du-

207 1085 247 1113 „
292 1060 384 1097 ces
448 1045 679 1099 damnati
732 1044 886 1109 sunt,
944 1044 1066 1113 egi,
1120 1056 1284 1112 quum
1326 1041 1533 1096 Civitas
1582 1040 1755 1096 nostra
1796 1037 1970 1094 forma

206 1203 245 1231 „
289 1160 565 1232 regiminis
618 1160 867 1229 populari
923 1159 1098 1213 adhue
1156 1170 1416 1212 uteretur.
1511 1157 1620 1211 Sub
1662 1158 1970 1229 Oligarchia

207 1315 247 1342 ,,
293 1291 466 1341 ver0,
509 1292 643 1344 quae
687 1275 929 1329 insecuta
970 1273 1076 1342 est,
1119 1274 1540 1345 Triginta-Viri
1572 1289 1658 1328 me
1692 1289 1817 1328 cum
1846 1289 1973 1342 qua-

210 1432 251 1459 „
294 1403 417 1446 tuor
446 1393 562 1446 aliis
601 1392 980 1446 arceffiverunt
1009 1392 1065 1443 in
1098 1391 1345 1457 Curiam,
1389 1405 1522 1459 quae
1567 1390 1623 1443 in
1651 1389 1833 1443 Tholo
1864 1387 1972 1456 est,

207 1546 249 1574 ‚,
291 1506 666 1579 jusseruntque
708 1506 981 1560 Leontem
1029 1504 1372 1560 Salaminium
1419 1519 1489 1556 ex
1536 1502 1629 1556 ista
1675 1505 1841 1559 insula
1885 1504 1974 1558 ad-

209 1662 251 1690 „
292 1622 492 1676 ducere
537 1620 1008 1676 interficiendum:
1055 1620 1278 1691 Quippe
1319 1619 1370 1673 &
1420 1620 1535 1673 aliis
1584 1621 1767 1674 multis
1809 1621 1976 1674 multa

212 1778 256 1806 ,‚
298 1737 656 1809 injungebant
687 1737 843 1802 talia,
883 1749 945 1789 ut
971 1737 1282 1805 complures
1311 1736 1503 1805 culpae
1530 1735 1627 1790 fibi
1652 1736 1828 1790 socios
1857 1736 1977 1790 red-

214 1893 261 1923 „
304 1854 520 1909 derent.
598 1852 755 1907 Tunc
798 1868 902 1924 ego
931 1868 1044 1906 non
1070 1853 1253 1907 verbis
1280 1850 1372 1904 sed
1402 1849 1543 1904 faeto
1577 1851 1977 1919 demonstravi,

212 2010 256 2040 ,‚
296 1969 431 2023 mihi
458 1981 690 2024 mortem
728 1983 843 2022 non
876 1965 984 2021 esse
1033 1983 1191 2022 curae
1220 2009 1238 2036 ,
1293 1965 1581 2038 (quamvis
1608 1966 1752 2021 forte
1788 1967 1974 2021 rudius

213 2123 256 2154 ,,
295 2085 451 2154 loqui
479 2083 747 2154 videar,)
784 2112 844 2124 -
879 2095 1142 2148 mortem,
1183 2083 1438 2150 inquam,
1481 2098 1593 2135 non
1634 2080 1741 2135 effe
1779 2096 1974 2148 curae,

217 2239 259 2267 ‚‚
301 2215 372 2254 ne
396 2200 569 2254 hilum
598 2197 853 2268 quidem3
897 2197 954 2252 id
984 2209 1165 2252 autem
1191 2197 1353 2250 unice
1385 2197 1519 2250 mihi
1550 2196 1702 2250 cordi
1728 2192 1866 2263 effe,
1907 2211 1978 2249 ne

218 2353 261 2383 ,,
302 2315 435 2385 quid
478 2313 704 2382 injuste,
746 2329 815 2367 ne
860 2312 991 2383 quid
1030 2311 1238 2366 nefarie
1289 2311 1542 2366 facerem.
1625 2312 1848 2365 Etenim
1890 2325 1979 2364 me

219 2469 262 2499 ,,
306 2429 525 2484 istorum
574 2430 817 2500 Triginta
856 2430 1137 2483 hominum
1173 2428 1506 2495 dominatio,
1551 2443 1709 2497 quam
1743 2427 1898 2481 saeva
1927 2427 1980 2481 &

223 2585 265 2613 ,‚
305 2548 579 2616 impotens
600 2586 616 2613 ‚
645 2561 916 2616 nunquam
944 2545 1017 2598 ita
1038 2547 1362 2614 perterruit,
1387 2555 1449 2597 ut
1479 2545 1765 2614 quicquam
1795 2552 1983 2596 contra

224 2699 265 2727 „
303 2659 387 2729 jus
427 2662 846 2717 committerem.
924 2661 1147 2731 Itaque,
1189 2674 1251 2715 ut
1297 2661 1477 2714 Tholo
1541 2659 1719 2730 egreffi
1761 2657 1979 2724 summ,
2031 2668 2034 2669 ’

227 2814 268 2842 0,
309 2778 507 2830 caeteri
537 2789 765 2849 quatuor
795 2792 1014 2836 mecum
1057 2777 1278 2836 arceffiti
1314 2776 1572 2834 Salamina
1600 2772 1835 2847 profeffi
1861 2772 1984 2826 sunt

1814 2928 1856 2957 υ
1895 2887 1987 2945 ad‘
