2211 3228
170 248 236 296 ῃ
596 231 1560 283 P‘RoBA'rroNEs

188 366 387 422 consensu
421 364 477 418 &2
516 363 723 405 utilitatis
753 362 1030 403 communione
1051 360 1234 414 sociata.
1264 379 1319 392 -
1345 361 1539 416 Ichrco,
1571 372 1619 406 ut
1651 366 1998 430 paucisbcunsta,

198 449 307 490 quae
333 432 638 488 disputavimus
666 427 849 482 ipsisque
871 428 1072 470 Veterum
1094 430 1202 471 locis
1226 429 1499 482 probavimus
1515 463 1531 485 ,
1560 433 1917 493 complectamur3
1947 465 2005 480 ...

193 505 362 558 quando
396 499 555 544 constat
592 494 839 549 ἆμςοκςαῖίσιν
870 496 982 550 apud
1010 495 1105 538 illos
1136 508 1355 549 nunquam
1390 500 1466 543 nisi
1498 503 1548 544 ad
1575 502 1740 545 laudem
1772 509 2001 563 appellari,

185 566 399 624 nunquam
419 569 582 622 formae
608 566 807 621 populari
835 562 1027 616 opponi,
1064 561 1133 604 sed
1162 567 1403 619 ὂλιγωςχίανς
1444 583 1663 623 nunquam
1698 572 1840 616 haberi
1868 576 2006 620 inimi-

190 653 279 682 cam
304 635 533 679 Libertatis
556 635 778 686 pubiicae,
812 631 939 673 immo
978 632 1109 685 magis
1140 634 1231 686 ers
1267 636 1638 690 conservatricem,
1670 639 1934 693 Oligarcbiae
1964 647 2007 690 &

187 705 481 750 Democratiae
505 702 818 744 saluberrimum
851 709 1251 756 temperamentum,
1283 715 1331 747 ac
1356 716 1503 749 contra
1523 708 1749 750 discordias
1770 711 1999 766 turbasque

189 773 334 816 civiles
364 770 632 814 firmissimum
665 768 941 822 praefidium3
974 794 1056 800 —
1090 772 1261 823 quando
1297 785 1425 825 porro
1455 774 1706 819 Aristoteles
1732 785 1856 829 atque
1876 778 2008 834 Poly.

188 840 314 892 bius,
346 851 597 891 quamquam
632 838 753 890 primi
785 837 834 878 de
863 837 933 878 illa
962 848 1134 891 egerunt
1160 847 1207 880 ut
1230 841 1312 880 una
1339 840 1389 881 de
1409 840 1543 883 tribus
1568 842 1717 885 formis
1740 848 2008 903 praecipuis,

190 919 281 950 eam
310 916 447 949 tamen
479 907 656 960 speciem
695 907 889 950 dixerunt
918 906 1224 959 Reipublicae,
1255 909 1297 949 in
1322 918 1403 957 qua
1428 907 1613 951 Virtutis
1645 924 1743 964 prae
1771 914 1862 957 aliis
1883 918 2008 961 habe.

192 986 262 1019 tur
291 976 427 1029 rati03
455 999 511 1009 —
540 973 710 1027 quando
742 974 923 1026 denique
956 976 1004 1015 ab
1033 974 1106 1015 ista
1133 973 1334 1016 sententia
1358 974 1515 1026 istaque
1545 977 1790 1022 definitione
1815 996 1900 1026 non
1921 987 2007 1030 dis.

190 1045 398 1088 cesserunt
435 1044 649 1094 Grotius,
689 1041 977 1094 Com-ingius‚
1018 1041 1236 1094 Hornius,
1276 1043 1504 1095 Huberus‚
1543 1046 1720 1098 reliqui,
1761 1051 1833 1099 qui
1862 1053 1912 1093 de
1937 1055 2009 1098 Re

192 1115 324 1157 Civili
359 1111 641 1165 scripserunt3
686 1110 788 1161 quin
823 1108 907 1161 ipse
937 1107 1310 1161 Montesquieuius
1345 1113 1557 1164 Civitati,
1587 1114 1628 1154 in
1662 1116 1744 1167 qua
1777 1117 2011 1171 optimate,-

190 1194 328 1225 rerum
361 1181 543 1223 summae
574 1179 794 1232 praesunt,
847 1190 870 1218 a
917 1177 1088 1219 Virtute
1128 1177 1238 1219 vires
1279 1180 1475 1221 morrices
1517 1181 1732 1224 conciliari
1778 1184 2009 1244 docuerit,

191 1252 305 1295 haud
342 1249 482 1292 minus
517 1260 640 1299 quam
671 1247 829 1289 formae
864 1246 1087 1300 populari,
1118 1267 1173 1278 -·
1220 1245 1348 1297 quid,
1383 1257 1478 1287 cum
1511 1246 1612 1288 haec
1652 1250 1791 1292 omnia
1813 1251 1872 1295 ita
1901 1254 2008 1311 sint,

191 1320 243 1362 de
278 1318 353 1362 isto
387 1317 464 1360 usu
502 1329 550 1358 ac
577 1315 903 1368 consuetudine,
931 1326 1039 1368 pene
1069 1312 1334 1367 scripseram,
1365 1313 1559 1368 vulgari,
1590 1315 1665 1357 nist
1688 1318 1739 1359 ab
1766 1322 1857 1364 aliis
1882 1323 2009 1366 etiam

189 1399 313 1442 quam
346 1399 369 1427 a
401 1386 531 1439 vulgo
557 1383 697 1438 paffim
721 1385 964 1435 audiretur,
996 1405 1048 1417 -·
1077 1383 1178 1435 quid
1204 1382 1254 1422 de
1274 1380 1346 1422 ista
1369 1381 1498 1433 igitur
1517 1381 1849 1442 consuetudine,
1881 1403 2010 1444 quam
2070 1399 2074 1404 '

192 1455 467 1506 dicebamus,
506 1453 668 1496 nostrae
705 1453 880 1493 maxime
908 1451 1082 1503 aetatis,
1112 1450 1285 1504 eiusque
1319 1450 1387 1502 vi,
1420 1450 1670 1495 censendum
1692 1451 1773 1508 fit,
1800 1455 2011 1510 ¹iudicium

194 1522 280 1567 esto
308 1546 366 1558 σ-
393 1535 524 1577 penes
551 1534 674 1575 quem
699 1520 860 1563 hodie?
887 1542 947 1552 —
973 1531 1104 1574 penes
1134 1530 1308 1571 aequam
1328 1517 1630 1564 Posteritatem.

244 1658 349 1712 Pag.
381 1669 452 1700 21.
509 1654 584 1699 Ex
613 1655 746 1700 eodem
781 1655 1109 1706 IsocRA'rE,
1138 1667 1190 1694 ex
1220 1651 1527 1702 PLATONE,
1556 1651 1614 1704 &²
1645 1653 1797 1709 (quem
1818 1661 2006 1709 primum

192 1726 368 1771 laudare
394 1725 649 1777 debueram)
680 1738 731 1765 ex
760 1723 1148 1765 ARISTOTELE
1165 1751 1182 1773 ,
1210 1736 1236 1762 a
1257 1723 1398 1775 quovis
1428 1719 1599 1772 vestrum
1619 1721 2012 1780 fa'cilepetenturd

193 1795 311 1837 Male
344 1792 508 1835 sedulae
541 1792 784 1845 diligentiae
815 1790 924 1834 foret
966 1788 1133 1839 omnia,
1163 1800 1270 1839 quae
1291 1789 1375 1829 huc
1407 1788 1595 1841 faciant,
1632 1791 1727 1832 loca
1750 1792 2012 1849 describere,

194 1861 432 1905 Aristotelis
470 1860 737 1914 praesertim,
781 1874 855 1914 per
886 1857 1124 1900 universum
1153 1856 1422 1898 Politicorum
1452 1868 1562 1909 opus
1581 1887 1597 1909 ,
1645 1856 1845 1912 dispersa;
1878 1875 2014 1919 quae,

198 1943 323 1984 quam
356 1929 485 1971 multa
515 1927 667 1979 etiam,
697 1928 795 1969 talia
827 1927 920 1969 sunt
945 1935 1082 1967 tamen
1100 1951 1117 1974 ‚
1148 1931 1193 1963 ut
1219 1923 1464 1964 desiderium
1489 1936 1574 1966 non
1602 1923 1880 1984 restinguant,
1911 1934 2014 1985 quin

194 2000 339 2053 potius
371 1997 553 2040 excitent
583 1996 624 2038 &
646 1996 902 2038 inflamment
929 1992 1085 2048 egregii
1106 1991 1246 2043 operis
1270 1991 1345 2034 a&
1371 1996 1428 2033 τῆς
1450 1991 1629 2036 Ἀθηναίων
1653 1997 1862 2048 πολιτείοις,
1896 2000 2014 2050 quod

195 2067 226 2109 fi
259 2080 356 2121 prae
389 2063 683 2119 IWetaphyst'cis
712 2064 858 2105 summi
889 2061 1133 2113 Philosophi
1161 2059 1303 2101 Libris
1337 2060 1623 2115 similibusque
1650 2061 1866 2116 servasset,
1895 2063 2014 2107 Lite-

203 2136 263 2177 ris
295 2132 451 2174 Atticis
488 2133 702 2174 inimicum
740 2131 891 2181 nir-nis,
933 2130 1100 2182 fatum,
1140 2132 1266 2183 opera
1308 2130 1567 2183 supersedere
1610 2131 1909 2184 potuissemus,
1942 2133 2017 2185 qui

198 2215 312 2246 nunc
363 2202 413 2242 de
440 2201 564 2242 rebus
592 2199 909 2241 Atheniensium
943 2199 1189 2247 scribimuS,
1230 2198 1471 2250 conjectura
1501 2198 1748 2249 plerumque
1772 2200 1912 2252 ducti,
1940 2202 2015 2244 ali-

208 2269 377 2324 quando
404 2267 526 2309 etiam
555 2269 595 2309 in
631 2267 817 2309 tenebris
843 2268 959 2319 quod
991 2279 1133 2307 verum
1168 2265 1224 2306 est
1258 2277 1521 2316 quaerentes.
1560 2290 1615 2298 —
1669 2266 2018 2322 ISOCRATIS,

206 2352 292 2392 quo
327 2349 451 2378 nemo
484 2335 711 2377 Orator-um
751 2335 808 2375 est
836 2336 884 2376 ad
922 2334 1254 2388 cognoscendam
1287 2333 1510 2376 Historiam
1533 2333 1718 2376 Atticam
1749 2337 1919 2389 utilior,
1949 2339 2019 2380 vel

202 2416 334 2447 unum
372 2403 509 2444 adhuc
548 2402 690 2442 locum
727 2401 863 2454 digito
898 2402 1014 2443 velut
1043 2403 1268 2445 monstrare
1295 2404 1445 2455 liceat,
1484 2401 1557 2455 qui
1584 2401 1640 2444 est
1665 2402 1707 2444 in
1733 2404 1934 2447 Oratione
1964 2407 2016 2449 de

206 2475 313 2518 Pace
348 2472 470 2513 valde
499 2469 669 2523 inlignis
691 2470 818 2522 (pag.
846 2472 1075 2522 167-169.
1104 2470 1172 2511 ed.
1199 2470 1387 2523 Steph.)
1416 2471 1627 2512 Auda&er
1650 2464 1734 2512 illic
1754 2471 1880 2524 vitia,
1911 2485 2019 2525 quae

209 2540 384 2584 Civitati
406 2539 572 2581 Atticae
592 2537 730 2591 gravia
759 2536 1086 2589 incumbebant,
1115 2539 1422 2592 reprehendens
1439 2570 1452 2590 ,
1478 2541 1513 2563 ‘⁶
1531 2540 1624 2592 quis
1642 2538 1824 2592 (inquit)
1845 2551 2017 2593 peregre

207 2641 244 2664 a,
273 2612 357 2651 huc
392 2607 645 2657 adveniens,
688 2605 729 2646 &
759 2605 895 2647 nostra
930 2614 1110 2659 contage
1143 2607 1330 2649 nondum
1360 2619 1612 2661 corruptus,
1643 2606 1712 2648 sed
1739 2617 1936 2660 tanquam
1965 2622 2018 2653 ex

208 2711 244 2732 „
274 2676 499 2731 improviso
536 2675 670 2717 media
704 2675 811 2718 inter
844 2673 980 2715 nostra
1004 2675 1172 2726 negotia
1207 2675 1402 2727 delatus,
1431 2696 1481 2708 —
1511 2676 1604 2729 quis
1632 2688 1715 2717 non
1741 2686 1859 2729 putet
1877 2677 2018 2722 furere

203 2775 241 2799 .„
270 2758 350 2788 uos
381 2746 422 2787 ἃ
454 2745 656 2796 delirare,
699 2746 770 2798 qui
807 2743 973 2796 quidem
1007 2741 1131 2794 gestis
1167 2756 1246 2785 nos
1276 2745 1484 2786 efferimus
1519 2745 1719 2798 maiorum
1753 2748 2017 2801 nostrorum,

208 2846 248 2869 ‹³›
275 2825 399 2868 atque
416 2825 467 2857 ex
489 2815 572 2857 illis
586 2843 600 2866 ,
628 2823 733 2866 quae
755 2812 853 2855 olim
875 2811 991 2854 fuere
1010 2811 1116 2853 sacta
1132 2843 1147 2866 ,
1178 2812 1344 2856 laudem
1366 2811 1411 2854 δε
1428 2814 1833 2860 commendationem
1853 2815 2019 2860 nostrae

1874 2911 1913 2936 2,
1940 2882 2019 2927 Cia-
