2211 3228
222 306 302 350 116
529 297 1068 354 DtSQu151T1o
1122 262 1712 346 DE‘EPISTATIS

222 433 362 488 passim
392 428 554 479 veste5‚
588 426 784 471 detonsae
813 428 863 470 ad
887 435 1026 469 cutem
1057 437 1229 479 comae,
1258 427 1516 481 prodeuntes
1545 440 1641 471 cum
1669 428 1863 484 lacrymis
1892 429 1933 472 &
1957 442 2027 484 ge-

221 500 328 542 mitu
358 496 409 538 ad
435 495 658 538 Phratoras
689 496 786 539 suos
815 496 964 551 pullati
990 498 1128 538 cives:
1161 494 1315 547 Neque
1344 495 1427 538 hoc
1459 497 1578 540 satis:
1608 497 1748 540 Pretio
1774 497 1814 539 &
1832 500 2030 551 precibus

222 564 475 608 conducitur
507 562 747 606 Callixenus
779 565 961 614 Orator,
993 575 1043 603 ex
1065 562 1137 603 illo
1171 562 1387 604 hominum
1411 575 1587 618 genere,
1620 565 1773 618 quibus
1796 580 1932 608 rerum
1954 581 2030 608 na-

218 645 348 684 tura,
381 645 461 673 non
485 642 665 684 parem,
698 632 778 685 sed
808 645 1005 681 noverca,
1038 629 1513 684 (QUINCTILIANI
1547 634 1686 676 verbis
1726 635 1855 687 utor)
1886 635 2030 688 facul-

217 714 346 746 tatem
386 699 589 750 dicendi,
625 699 774 752 sociam
797 701 997 753 scelerum
1021 729 1036 751 ,
1075 699 1286 752 adversam
1324 701 1610 753 innocentiae,
1648 700 1790 753 hostem
1815 704 2032 756 veritatis,

220 769 373 812 dediffe
404 766 613 812 videatur.
675 768 758 810 Hic
783 768 963 810 dicendo
997 769 1040 811 in
1074 768 1229 810 Senatu
1260 767 1488 821 Ducesque
1521 768 1753 812 accusando
1782 771 2032 815 Consultum

219 838 271 879 ab
303 851 354 880 eo
392 839 614 891 impetrat,
643 846 721 888 ut,
753 837 868 878 nullst
902 837 1081 889 amplius
1114 837 1194 878 reis
1222 835 1413 878 concesszl
1442 835 1705 890 defenfione,
1737 839 1866 881 Cives
1899 841 1949 882 ad
1971 839 2033 883 fe-

218 908 347 950 renda
375 907 417 948 in
444 906 630 959 geminas
656 916 779 945 urnas
804 904 991 945 tributim
1014 902 1204 956 suffragia
1234 906 1486 945 citarentur:
1534 906 1577 946 Si
1600 906 1737 948 officio
1764 906 1901 948 minus
1924 906 2032 948 reete

220 977 354 1019 functi
382 974 530 1027 majori
560 970 850 1023 suffragiorum
888 982 1063 1012 numero
1093 971 1410 1023 judicarentur,
1441 980 1574 1012 morte
1611 974 1915 1026 plecterentur,
1953 988 2033 1028 pu·

219 1045 476 1088 blicarentur
507 1043 636 1084 bona.
692 1037 814 1089 lmo,
854 1049 906 1079 ne
940 1037 1042 1088 quid
1080 1039 1216 1092 turpis
1258 1038 1413 1081 deesset
1453 1038 1618 1081 artificii
1653 1039 1675 1092 (
1687 1040 1830 1091 quales
1861 1040 2030 1084 fraudes

221 1113 262 1154 ἃ
291 1109 458 1153 insidiae
494 1108 606 1151 haud
642 1104 828 1148 insolitae
855 1106 948 1147 sunt
981 1104 1044 1146 isti
1067 1105 1283 1149 hominum
1314 1110 1481 1161 generi,
1514 1107 1667 1160 quibus
1699 1119 1785 1149 non
1804 1107 1922 1150 firma
1943 1119 2036 1153 tan·

215 1189 342 1231 tum,
381 1178 450 1220 sed
481 1178 596 1220 nulla
628 1174 780 1228 etiam,
821 1175 941 1218 frons
969 1175 1012 1216 in
1050 1175 1175 1218 rebus
1209 1176 1403 1219 civilibus
1435 1177 1641 1218 laudanda
1673 1177 1876 1230 videtur)
1915 1188 2033 1229 erat,

226 1250 299 1302 qui
332 1247 372 1288 se
405 1246 520 1289 dolio
559 1243 835 1294 insidentem,
874 1243 1010 1285 farina
1044 1246 1170 1297 pleno
1192 1275 1206 1297 ‚
1246 1257 1296 1286 ex
1325 1244 1451 1285 undis
1485 1244 1661 1287 enatasse
1695 1245 1735 1288 &
1770 1259 1792 1288 a
1820 1246 2037 1301 naufragis

227 1316 423 1360 mandata
453 1314 663 1356 vindictae
696 1309 924 1363 accepiffe‚
956 1312 1222 1367 impudenter
1254 1311 1304 1353 ad
1324 1313 1533 1354 credulam
1559 1315 1868 1358 multitudinem
1889 1317 2038 1360 menti-

223 1396 359 1430 retur.
418 1382 531 1434 Sed,
563 1393 688 1433 quam
720 1380 883 1434 perdita
913 1381 1036 1423 etiam
1062 1381 1110 1424 stt
1136 1382 1176 1424 ἃ
1204 1379 1343 1423 insana
1370 1383 1589 1424 hominum
1614 1382 1848 1435 colluvies,
1880 1393 1926 1425 ut
1950 1396 2036 1426 me-

219 1457 313 1499 dios
342 1462 479 1496 tamen
512 1451 621 1493 inter
648 1449 836 1492 furentes
860 1450 973 1492 cives
1003 1449 1069 1491 vel
1100 1460 1210 1491 unus
1243 1450 1385 1493 saltem
1419 1460 1490 1493 aut
1520 1453 1623 1494 alter
1654 1450 1754 1493 adfit
1775 1454 1937 1505 generis
1958 1454 2036 1495 hu-

223 1523 334 1566 mani
370 1521 410 1564 ὃ(
437 1519 617 1574 justitiae
650 1517 845 1570 Vindex,
886 1519 992 1560 velle
1024 1519 1142 1571 saepe
1179 1518 1349 1561 videtur
1377 1520 1550 1561 Numen
1589 1520 1857 1572 supremum:
1900 1521 2035 1563 Erant

220 1593 412 1642 idcirco,
459 1588 533 1641 qui
560 1587 823 1630 Callixenum
857 1586 1103 1628 violatarum
1131 1586 1295 1641 Legum
1329 1589 1372 1630 in
1408 1589 1593 1641 roganda
1622 1587 1921 1643 scribendthue
1946 1591 2036 1632 Au-

223 1660 413 1702 ctoritate
458 1657 639 1699 SenatuS
682 1656 969 1708 postularent,
1014 1665 1103 1697 tum
1149 1656 1263 1706 quod
1297 1659 1378 1698 reis
1411 1658 1523 1709 (qui
1561 1655 1656 1709 ipsis
1689 1670 1773 1699 non
1805 1659 2036 1711 negabatur

219 1725 447 1770 homicidis
480 1723 520 1766 ἀ
555 1724 799 1777 sacrilegis)
842 1736 1007 1766 omnem
1039 1737 1116 1777 pro
1144 1724 1183 1766 se
1217 1723 1384 1766 dicendi
1414 1724 1554 1765 locum
1584 1723 1903 1777 interclusisset,
1942 1734 2032 1766 tum

222 1795 339 1847 quod
375 1793 541 1835 Canoni
578 1792 818 1845 Psephisma
846 1792 1087 1844 sprevisset,
1130 1806 1179 1835 ex
1216 1792 1338 1844 cujus
1377 1792 1630 1844 praescripto
1668 1793 1719 1834 de
1747 1806 1834 1835 uno
1871 1803 2033 1837 tantum

220 1875 294 1905 reo
327 1863 410 1903 unzi
442 1860 735 1913 suffragatione
767 1868 933 1914 poterat
967 1861 1150 1903 decerni.
1210 1861 1543 1913 Euryptolemus
1567 1862 1602 1902 is
1625 1867 1739 1911 erat,
1774 1859 1813 1901 ἃ
1837 1863 2030 1905 nonnulli

224 1930 292 1972 alii
320 1943 343 1975 e
374 1929 565 1982 populo,
596 1929 704 1970 inter
740 1941 847 1981 quos
880 1927 918 1968 ἀ
947 1930 1187 1972 Axiochum
1220 1930 1339 1971 fniffe
1382 1929 1676 1973 existimamus.
1738 1927 1816 1970 Sed
1852 1931 1954 1982 quid
1984 1930 2035 1972 ad

223 1997 394 2039 rabidos
427 1997 466 2038 ἅ
492 1996 688 2038 efferatos
718 1995 812 2037 sana
848 2009 964 2038 mens
988 1997 1027 2039 δι
1053 1998 1191 2040 ratio?
1225 1999 1430 2052 Lyciscus
1461 1998 1772 2052 intempestivos
1796 1998 1917 2039 hosce
1949 2011 2037 2041 rno-

221 2067 381 2109 nitores
411 2066 588 2116 eodem,
620 2077 706 2117 quo
736 2066 911 2116 Duces⁷
938 2066 1101 2117 judicio
1136 2068 1394 2109 damnandos
1417 2067 1581 2107 clamat.
1638 2065 1843 2118 Prytanes
1868 2077 2002 2109 tamen
2021 2097 2040 2121 ,

221 2135 260 2178 se
291 2135 498 2188 Populum
536 2142 682 2175 contra
712 2134 870 2186 Legem
897 2135 964 2186 (i.
999 2146 1036 2173 e.
1068 2134 1225 2174 violato
1260 2132 1427 2175 Canoni
1458 2131 1775 2186 psephismate)
1817 2137 1859 2177 in
1886 2135 2034 2178 suffra-

224 2205 291 2257 gia
322 2202 540 2254 missuros,
573 2211 755 2255 negant:
789 2203 880 2254 At,
912 2214 1039 2254 quum
1075 2200 1253 2242 Senatus
1284 2199 1397 2252 ipfe‚
1433 2201 1555 2253 cujus
1584 2201 1644 2242 illi
1675 2202 1877 2244 decimam
1909 2204 2035 2247 facie-

222 2274 324 2314 bant
354 2281 543 2324 partem,
574 2270 794 2324 injustitiae
831 2272 1047 2323 popularis
1082 2281 1165 2311 non
1197 2267 1366 2310 consors
1399 2267 1529 2310 solum
1565 2268 1663 2310 effer
1694 2268 1761 2310 sed
1789 2271 1828 2313 δε
1862 2273 2036 2326 auctor,

223 2341 336 2381 unde
360 2338 467 2380 hisce
486 2339 972 2393 Quinquaginta-viris,
1004 2337 1188 2379 Decem»
1204 2335 1305 2377 viris
1332 2336 1469 2377 saltem
1487 2366 1500 2385 ‚
1526 2335 1586 2390 (si
1607 2350 1680 2388 per
1700 2341 1882 2391 neonium
1906 2340 2032 2384 Proe-

223 2410 322 2450 dros
362 2407 639 2449 Contribules
669 2410 753 2446 κατ’
783 2409 902 2458 ἐξοχὴν
932 2405 1247 2460 intelligemus)
1290 2413 1451 2445 tantum
1483 2402 1563 2444 fuit
1593 2406 1841 2459 aequitatis,
1872 2417 2035 2452 tantum

221 2477 399 2532 justitiae
438 2474 615 2517 studium
635 2504 650 2526 2
677 2485 722 2516 ut
749 2487 894 2518 contra
930 2475 1055 2528 ipfius
1082 2474 1262 2516 Senatus
1290 2474 1549 2514 voluntatem
1575 2472 1838 2517 niterentur?
1868 2499 1925 2507 -—
1961 2478 2033 2521 Ab

225 2559 311 2587 uno
351 2546 558 2595 Socrate,
588 2556 610 2585 a
641 2545 734 2587 viro
767 2542 980 2598 j'ustiflimo
1014 2541 1053 2583 ἃ
1080 2541 1386 2593 sapientissimo.
1419 2564 1473 2575 --
1500 2542 1547 2583 Id
1574 2541 1730 2583 scilicet
1752 2541 1944 2595 persaepe
1964 2555 2036 2586 va-

222 2615 281 2655 let
315 2613 438 2653 unius
469 2612 550 2653 viri
588 2612 815 2654 constantia
848 2625 895 2654 ac
926 2611 1089 2660 virtus.,
1133 2620 1179 2651 ut
1208 2611 1376 2664 plures,
1419 2609 1516 2650 dum
1552 2609 1678 2650 modo
1710 2621 1762 2650 ne
1795 2609 1872 2652 sint
1897 2613 2036 2664 perdi·

227 2680 363 2724 tiffimi
387 2681 422 2723 ἃ
455 2678 770 2730 sceleratifflmi‚
800 2679 842 2721 in
865 2679 961 2732 ipfis
984 2676 1187 2718 refraenet
1214 2676 1467 2718 nefariorum
1496 2675 1761 2717 consiliorum
1788 2679 2033 2733 principiis,

230 2764 277 2793 ac
311 2750 377 2791 vel
408 2750 566 2791 ratione
609 2749 805 2801 reprimat
840 2749 907 2789 vel
932 2745 1092 2802 pudore
1114 2743 1342 2786 suffundat.
1402 2743 1740 2786 Sceleratiffitnus
1771 2755 1907 2788 autem
1945 2757 2031 2791 erat

228 2816 500 2868 Callixenu83
534 2817 728 2870 ipsosque
750 2817 854 2857 adeo
869 2815 1070 2868 Prytanes
1091 2814 1318 2865 accusans,
1347 2812 1610 2856 Concionem
1638 2813 1783 2854 iterum
1806 2813 2034 2855 inflamma-

228 2886 289 2928 vit
321 2885 618 2941 incenditque,
659 2884 879 2929 incondito
912 2885 1092 2926 clamore
1120 2881 1391 2935 poscentem2³
1421 2891 1468 2924 ut
1501 2882 1588 2935 illi,
1628 2882 1699 2936 qui
1731 2894 1751 2925 e
1780 2881 2035 2937 Prytanibus

1965 2963 2042 2993 ne·
