<?xml version="1.0" encoding="UTF-8"?>
<!DOCTYPE html PUBLIC "-//W3C//DTD XHTML 1.0 Transitional//EN"
    "http://www.w3.org/TR/xhtml1/DTD/xhtml1-transitional.dtd">
<html xmlns="http://www.w3.org/1999/xhtml" xml:lang="en" lang="en">
 <head>
  <title>
</title>
<meta http-equiv="Content-Type" content="text/html;charset=utf-8" />
  <meta name='ocr-system' content='tesseract 3.04.00' />
  <meta name='ocr-capabilities' content='ocr_page ocr_carea ocr_par ocr_line ocrx_word'/>
</head>
<body>
  <div class='ocr_page' id='page_1' title='image "./ioannisluzacorat05luza_0025.png"; bbox 0 0 2211 3228; ppageno 0'>
   <div class='ocr_carea' id='block_1_1' title="bbox 548 215 1996 284">
    <p class='ocr_par' dir='ltr' id='par_1_1' title="bbox 548 215 1996 284">
     <span class='ocr_line' id='line_1_1' title="bbox 548 215 1996 284; baseline -0.01 -1"><span class='ocrx_word' id='word_1_1' title='bbox 548 222 685 283; x_wconf 88' lang='lat' dir='ltr'><strong>DE</strong></span> <span class='ocrx_word' id='word_1_2' title='bbox 771 215 1289 281; x_wconf 89' lang='lat' dir='ltr'>SOCRATE</span> <span class='ocrx_word' id='word_1_3' title='bbox 1369 216 1647 276; x_wconf 82' lang='lat' dir='ltr'><strong>CIVE.</strong></span> <span class='ocrx_word' id='word_1_4' title='bbox 1947 220 1996 284; x_wconf 66' lang='grc'><strong>9·</strong></span> 
     </span>
    </p>
   </div>
   <div class='ocr_carea' id='block_1_2' title="bbox 218 373 1999 2758">
    <p class='ocr_par' dir='ltr' id='par_1_2' title="bbox 221 373 1996 1478">
     <span class='ocr_line' id='line_1_2' title="bbox 221 373 1992 457; baseline -0.01 -13"><span class='ocrx_word' id='word_1_5' title='bbox 221 387 322 444; x_wconf 74' lang='lat' dir='ltr'><strong>sibi</strong></span> <span class='ocrx_word' id='word_1_6' title='bbox 358 384 659 457; x_wconf 77' lang='lat' dir='ltr'><strong>religiosius</strong></span> <span class='ocrx_word' id='word_1_7' title='bbox 703 383 877 438; x_wconf 90' lang='lat' dir='ltr'><strong>coluit</strong></span> <span class='ocrx_word' id='word_1_8' title='bbox 907 423 924 450; x_wconf 89' lang='lat'><strong>,</strong></span> <span class='ocrx_word' id='word_1_9' title='bbox 974 393 1068 437; x_wconf 84' lang='lat' dir='ltr'><strong>aut</strong></span> <span class='ocrx_word' id='word_1_10' title='bbox 1098 392 1418 451; x_wconf 85' lang='lat' dir='ltr'><strong>quacunque</strong></span> <span class='ocrx_word' id='word_1_11' title='bbox 1458 375 1637 447; x_wconf 78' lang='lat' dir='ltr'><strong>poss&#39;et</strong></span> <span class='ocrx_word' id='word_1_12' title='bbox 1666 373 1833 446; x_wconf 71' lang='lat' dir='ltr'><strong>opera</strong></span> <span class='ocrx_word' id='word_1_13' title='bbox 1862 388 1992 428; x_wconf 86' lang='lat' dir='ltr'><strong>con·</strong></span> 
     </span>
     <span class='ocr_line' id='line_1_3' title="bbox 225 491 1990 568; baseline -0.008 -10"><span class='ocrx_word' id='word_1_14' title='bbox 225 504 417 558; x_wconf 82' lang='lat' dir='ltr'><strong>filiove</strong></span> <span class='ocrx_word' id='word_1_15' title='bbox 449 501 664 554; x_wconf 87' lang='lat' dir='ltr'><strong>fidelius</strong></span> <span class='ocrx_word' id='word_1_16' title='bbox 697 498 924 568; x_wconf 83' lang='lat' dir='ltr'><strong>adjuvit.</strong></span> <span class='ocrx_word' id='word_1_17' title='bbox 962 526 1015 537; x_wconf 92' lang='lat'><em>-</em></span> <span class='ocrx_word' id='word_1_18' title='bbox 1071 496 1183 568; x_wconf 85' lang='lat' dir='ltr'><strong>Qui</strong></span> <span class='ocrx_word' id='word_1_19' title='bbox 1225 496 1281 547; x_wconf 90' lang='lat' dir='ltr'><strong>in</strong></span> <span class='ocrx_word' id='word_1_20' title='bbox 1311 493 1513 546; x_wconf 87' lang='lat' dir='ltr'><strong>Literis</strong></span> <span class='ocrx_word' id='word_1_21' title='bbox 1559 510 1668 546; x_wconf 90' lang='lat' dir='ltr'><strong>non</strong></span> <span class='ocrx_word' id='word_1_22' title='bbox 1696 493 1854 561; x_wconf 82' lang='lat' dir='ltr'><strong>plane</strong></span> <span class='ocrx_word' id='word_1_23' title='bbox 1892 491 1990 543; x_wconf 91' lang='lat' dir='ltr'><strong>ho-</strong></span> 
     </span>
     <span class='ocr_line' id='line_1_4' title="bbox 229 609 1993 687; baseline -0.007 -16"><span class='ocrx_word' id='word_1_24' title='bbox 229 617 350 687; x_wconf 83' lang='lat' dir='ltr'><strong>spes</strong></span> <span class='ocrx_word' id='word_1_25' title='bbox 389 616 508 683; x_wconf 85' lang='lat' dir='ltr'><strong>est,</strong></span> <span class='ocrx_word' id='word_1_26' title='bbox 549 629 728 683; x_wconf 89' lang='lat' dir='ltr'><strong>neque</strong></span> <span class='ocrx_word' id='word_1_27' title='bbox 771 613 1353 666; x_wconf 72' lang='lat' dir='ltr'>XENOPHONTEM</span> <span class='ocrx_word' id='word_1_28' title='bbox 1400 609 1638 678; x_wconf 77' lang='lat' dir='ltr'><strong>ignorat,</strong></span> <span class='ocrx_word' id='word_1_29' title='bbox 1681 609 1724 659; x_wconf 86' lang='lat' dir='ltr'><strong>is</strong></span> <span class='ocrx_word' id='word_1_30' title='bbox 1768 618 1916 660; x_wconf 82' lang='lat' dir='ltr'><strong>certe</strong></span> <span class='ocrx_word' id='word_1_31' title='bbox 1964 622 1993 658; x_wconf 87' lang='lat' dir='ltr'><strong>a</strong></span> 
     </span>
     <span class='ocr_line' id='line_1_5' title="bbox 227 721 1990 796; baseline -0.007 -11"><span class='ocrx_word' id='word_1_32' title='bbox 227 733 386 786; x_wconf 81' lang='lat' dir='ltr'><strong>nobis</strong></span> <span class='ocrx_word' id='word_1_33' title='bbox 419 728 685 784; x_wconf 67' lang='lat' dir='ltr'><strong>dictorum</strong></span> <span class='ocrx_word' id='word_1_34' title='bbox 726 727 980 796; x_wconf 84' lang='lat' dir='ltr'><strong>exempla</strong></span> <span class='ocrx_word' id='word_1_35' title='bbox 1023 741 1135 779; x_wconf 92' lang='lat' dir='ltr'><strong>non</strong></span> <span class='ocrx_word' id='word_1_36' title='bbox 1175 725 1434 794; x_wconf 74' lang='lat' dir='ltr'><strong>requiret,</strong></span> <span class='ocrx_word' id='word_1_37' title='bbox 1515 722 1683 794; x_wconf 85' lang='lat' dir='ltr'><strong>Quod</strong></span> <span class='ocrx_word' id='word_1_38' title='bbox 1717 723 1861 774; x_wconf 90' lang='lat' dir='ltr'><strong>enim</strong></span> <span class='ocrx_word' id='word_1_39' title='bbox 1892 721 1990 774; x_wconf 91' lang='lat' dir='ltr'><strong>s1n-</strong></span> 
     </span>
     <span class='ocr_line' id='line_1_6' title="bbox 225 837 1993 912; baseline -0.007 -11"><span class='ocrx_word' id='word_1_40' title='bbox 225 862 380 901; x_wconf 86' lang='lat' dir='ltr'><strong>cerae</strong></span> <span class='ocrx_word' id='word_1_41' title='bbox 413 845 679 900; x_wconf 83' lang='lat' dir='ltr'><strong>amicitiae</strong></span> <span class='ocrx_word' id='word_1_42' title='bbox 717 843 782 897; x_wconf 81' lang='lat' dir='ltr'><strong>sit</strong></span> <span class='ocrx_word' id='word_1_43' title='bbox 815 843 1050 912; x_wconf 88' lang='lat' dir='ltr'><strong>pretium</strong></span> <span class='ocrx_word' id='word_1_44' title='bbox 1084 882 1100 907; x_wconf 85' lang='lat'>‚</span> <span class='ocrx_word' id='word_1_45' title='bbox 1142 855 1277 910; x_wconf 87' lang='lat' dir='ltr'><strong>quae</strong></span> <span class='ocrx_word' id='word_1_46' title='bbox 1322 839 1526 893; x_wconf 87' lang='lat' dir='ltr'><strong>utilitas</strong></span> <span class='ocrx_word' id='word_1_47' title='bbox 1556 878 1572 904; x_wconf 86' lang='lat'><strong>,</strong></span> <span class='ocrx_word' id='word_1_48' title='bbox 1616 853 1751 905; x_wconf 84' lang='lat' dir='ltr'><strong>quae</strong></span> <span class='ocrx_word' id='word_1_49' title='bbox 1786 837 1956 889; x_wconf 86' lang='lat' dir='ltr'><strong>officia</strong></span> <span class='ocrx_word' id='word_1_50' title='bbox 1978 875 1993 900; x_wconf 87' lang='lat'>‚</span> 
     </span>
     <span class='ocr_line' id='line_1_7' title="bbox 227 955 1996 1021; baseline -0.008 -4"><span class='ocrx_word' id='word_1_51' title='bbox 227 979 296 1021; x_wconf 86' lang='lat' dir='ltr'><strong>ex</strong></span> <span class='ocrx_word' id='word_1_52' title='bbox 325 977 487 1016; x_wconf 85' lang='lat' dir='ltr'><strong>aureo</strong></span> <span class='ocrx_word' id='word_1_53' title='bbox 521 957 956 1014; x_wconf 76' lang='lat' dir='ltr'><strong>Memorabilium</strong></span> <span class='ocrx_word' id='word_1_54' title='bbox 989 957 1242 1021; x_wconf 83' lang='lat' dir='ltr'><strong>Libello,</strong></span> <span class='ocrx_word' id='word_1_55' title='bbox 1284 955 1478 1007; x_wconf 82' lang='lat' dir='ltr'><strong>melius</strong></span> <span class='ocrx_word' id='word_1_56' title='bbox 1522 955 1683 1007; x_wconf 84' lang='lat' dir='ltr'><strong>etiam</strong></span> <span class='ocrx_word' id='word_1_57' title='bbox 1726 968 1885 1020; x_wconf 90' lang='lat' dir='ltr'><strong>quam</strong></span> <span class='ocrx_word' id='word_1_58' title='bbox 1925 966 1996 1004; x_wconf 80' lang='lat' dir='ltr'><strong>ex</strong></span> 
     </span>
     <span class='ocr_line' id='line_1_8' title="bbox 232 1069 1994 1143; baseline -0.008 -11"><span class='ocrx_word' id='word_1_59' title='bbox 232 1078 517 1131; x_wconf 85' lang='lat' dir='ltr'><strong>Ciceronis</strong></span> <span class='ocrx_word' id='word_1_60' title='bbox 559 1075 780 1142; x_wconf 79' lang='lat' dir='ltr'><strong>Laelio,</strong></span> <span class='ocrx_word' id='word_1_61' title='bbox 828 1070 1189 1143; x_wconf 83' lang='lat' dir='ltr'>cognoscitur.</span> <span class='ocrx_word' id='word_1_62' title='bbox 1228 1097 1330 1109; x_wconf 90' lang='lat'><strong>-—</strong></span> <span class='ocrx_word' id='word_1_63' title='bbox 1381 1069 1489 1122; x_wconf 86' lang='lat' dir='ltr'><strong>Sed</strong></span> <span class='ocrx_word' id='word_1_64' title='bbox 1532 1084 1618 1122; x_wconf 80' lang='lat' dir='ltr'><strong>DE</strong></span> <span class='ocrx_word' id='word_1_65' title='bbox 1662 1069 1994 1121; x_wconf 79' lang='lat' dir='ltr'>SOCRATE</span> 
     </span>
     <span class='ocr_line' id='line_1_9' title="bbox 231 1181 1994 1258; baseline -0.007 -12"><span class='ocrx_word' id='word_1_66' title='bbox 231 1193 441 1256; x_wconf 79' lang='lat' dir='ltr'>C1VE,</span> <span class='ocrx_word' id='word_1_67' title='bbox 482 1190 539 1245; x_wconf 92' lang='lat' dir='ltr'><strong>id</strong></span> <span class='ocrx_word' id='word_1_68' title='bbox 580 1190 693 1257; x_wconf 80' lang='lat' dir='ltr'><strong>est,</strong></span> <span class='ocrx_word' id='word_1_69' title='bbox 736 1191 800 1244; x_wconf 81' lang='lat' dir='ltr'><strong>de</strong></span> <span class='ocrx_word' id='word_1_70' title='bbox 848 1205 966 1244; x_wconf 67' lang='lat' dir='ltr'><strong>vero</strong></span> <span class='ocrx_word' id='word_1_71' title='bbox 1002 1188 1283 1258; x_wconf 74' lang='lat' dir='ltr'><strong>Sapiente‚</strong></span> <span class='ocrx_word' id='word_1_72' title='bbox 1323 1186 1564 1238; x_wconf 73' lang='lat' dir='ltr'><strong>omnihus</strong></span> <span class='ocrx_word' id='word_1_73' title='bbox 1592 1225 1608 1250; x_wconf 85' lang='grc'>,</span> <span class='ocrx_word' id='word_1_74' title='bbox 1646 1198 1778 1255; x_wconf 75' lang='lat' dir='ltr'><strong>quae</strong></span> <span class='ocrx_word' id='word_1_75' title='bbox 1806 1183 1881 1235; x_wconf 80' lang='lat' dir='ltr'><strong>ad</strong></span> <span class='ocrx_word' id='word_1_76' title='bbox 1907 1181 1994 1234; x_wconf 81' lang='lat' dir='ltr'><strong>Ci-</strong></span> 
     </span>
     <span class='ocr_line' id='line_1_10' title="bbox 230 1298 1990 1380; baseline -0.007 -17"><span class='ocrx_word' id='word_1_77' title='bbox 230 1325 344 1364; x_wconf 66' lang='lat' dir='ltr'><strong>vem</strong></span> <span class='ocrx_word' id='word_1_78' title='bbox 372 1307 686 1380; x_wconf 74' lang='lat' dir='ltr'><strong>pertinent,</strong></span> <span class='ocrx_word' id='word_1_79' title='bbox 731 1304 912 1375; x_wconf 78' lang='lat' dir='ltr'><strong>officiis</strong></span> <span class='ocrx_word' id='word_1_80' title='bbox 935 1300 1227 1376; x_wconf 73' lang='lat' dir='ltr'><strong>plenissime</strong></span> <span class='ocrx_word' id='word_1_81' title='bbox 1269 1300 1329 1357; x_wconf 73' lang='lat'><strong>&amp;⁹</strong></span> <span class='ocrx_word' id='word_1_82' title='bbox 1371 1299 1638 1371; x_wconf 62' lang='lat' dir='ltr'><strong>refffiffime</strong></span> <span class='ocrx_word' id='word_1_83' title='bbox 1662 1298 1944 1370; x_wconf 52' lang='lat' dir='ltr'><strong>per-fam&amp;</strong></span> <span class='ocrx_word' id='word_1_84' title='bbox 1972 1336 1990 1361; x_wconf 48' lang='lat'><em>7</em></span> 
     </span>
     <span class='ocr_line' id='line_1_11' title="bbox 228 1420 900 1478; baseline -0.01 0"><span class='ocrx_word' id='word_1_85' title='bbox 228 1424 448 1478; x_wconf 87' lang='lat' dir='ltr'><strong>uberius</strong></span> <span class='ocrx_word' id='word_1_86' title='bbox 483 1422 560 1475; x_wconf 90' lang='lat' dir='ltr'><strong>est</strong></span> <span class='ocrx_word' id='word_1_87' title='bbox 587 1420 900 1474; x_wconf 85' lang='lat' dir='ltr'><strong>dicendum.</strong></span> 
     </span>
    </p>

    <p class='ocr_par' dir='ltr' id='par_1_3' title="bbox 218 1530 1999 2758">
     <span class='ocr_line' id='line_1_12' title="bbox 295 1530 1991 1605; baseline -0.006 -14"><span class='ocrx_word' id='word_1_88' title='bbox 295 1539 480 1605; x_wconf 85' lang='lat' dir='ltr'>Atque</span> <span class='ocrx_word' id='word_1_89' title='bbox 522 1536 613 1589; x_wconf 90' lang='lat' dir='ltr'><strong>hic</strong></span> <span class='ocrx_word' id='word_1_90' title='bbox 653 1534 1159 1603; x_wconf 87' lang='lat' dir='ltr'><strong>contemplemini,</strong></span> <span class='ocrx_word' id='word_1_91' title='bbox 1214 1530 1417 1601; x_wconf 84' lang='lat' dir='ltr'>quaeso</span> <span class='ocrx_word' id='word_1_92' title='bbox 1446 1570 1462 1597; x_wconf 84' lang='lat'>‚</span> <span class='ocrx_word' id='word_1_93' title='bbox 1516 1532 1944 1583; x_wconf 81' lang='lat' dir='ltr'><strong>AUDITORES</strong></span> <span class='ocrx_word' id='word_1_94' title='bbox 1975 1567 1991 1594; x_wconf 86' lang='lat'>,</span> 
     </span>
     <span class='ocr_line' id='line_1_13' title="bbox 223 1645 1996 1721; baseline -0.004 -15"><span class='ocrx_word' id='word_1_95' title='bbox 223 1651 415 1719; x_wconf 78' lang='lat' dir='ltr'><strong>istum,</strong></span> <span class='ocrx_word' id='word_1_96' title='bbox 457 1652 552 1720; x_wconf 79' lang='lat' dir='ltr'><strong>qui</strong></span> <span class='ocrx_word' id='word_1_97' title='bbox 595 1649 748 1720; x_wconf 84' lang='lat' dir='ltr'><strong>supra</strong></span> <span class='ocrx_word' id='word_1_98' title='bbox 785 1651 983 1721; x_wconf 86' lang='lat' dir='ltr'><strong>vulgus</strong></span> <span class='ocrx_word' id='word_1_99' title='bbox 1026 1648 1210 1717; x_wconf 85' lang='lat' dir='ltr'><strong>sapere</strong></span> <span class='ocrx_word' id='word_1_100' title='bbox 1252 1646 1305 1699; x_wconf 92' lang='lat' dir='ltr'><strong>se</strong></span> <span class='ocrx_word' id='word_1_101' title='bbox 1343 1645 1561 1712; x_wconf 84' lang='lat' dir='ltr'><strong>credat,</strong></span> <span class='ocrx_word' id='word_1_102' title='bbox 1605 1660 1781 1699; x_wconf 89' lang='lat' dir='ltr'><strong>rerum</strong></span> <span class='ocrx_word' id='word_1_103' title='bbox 1813 1645 1996 1700; x_wconf 88' lang='lat' dir='ltr'><strong>huma-</strong></span> 
     </span>
     <span class='ocr_line' id='line_1_14' title="bbox 218 1763 1999 1833; baseline -0.004 -11"><span class='ocrx_word' id='word_1_104' title='bbox 218 1783 406 1823; x_wconf 85' lang='lat' dir='ltr'><strong>narum</strong></span> <span class='ocrx_word' id='word_1_105' title='bbox 433 1778 853 1821; x_wconf 87' lang='lat' dir='ltr'><strong>contemtorem.</strong></span> <span class='ocrx_word' id='word_1_106' title='bbox 931 1765 1171 1819; x_wconf 87' lang='lat' dir='ltr'><strong>Abditus</strong></span> <span class='ocrx_word' id='word_1_107' title='bbox 1209 1765 1352 1817; x_wconf 90' lang='lat' dir='ltr'><strong>inter</strong></span> <span class='ocrx_word' id='word_1_108' title='bbox 1385 1763 1552 1816; x_wconf 87' lang='lat' dir='ltr'><strong>libros</strong></span> <span class='ocrx_word' id='word_1_109' title='bbox 1582 1802 1599 1829; x_wconf 86' lang='lat'>‚</span> <span class='ocrx_word' id='word_1_110' title='bbox 1648 1774 1739 1816; x_wconf 87' lang='lat' dir='ltr'><strong>aut</strong></span> <span class='ocrx_word' id='word_1_111' title='bbox 1780 1763 1837 1815; x_wconf 90' lang='lat' dir='ltr'><strong>in</strong></span> <span class='ocrx_word' id='word_1_112' title='bbox 1867 1776 1999 1833; x_wconf 17' lang='lat' dir='ltr'><strong>agro-</strong></span> 
     </span>
     <span class='ocr_line' id='line_1_15' title="bbox 225 1877 1994 1953; baseline -0.005 -15"><span class='ocrx_word' id='word_1_113' title='bbox 225 1885 443 1952; x_wconf 80' lang='lat' dir='ltr'><strong>latens,</strong></span> <span class='ocrx_word' id='word_1_114' title='bbox 501 1897 859 1953; x_wconf 84' lang='lat' dir='ltr'><strong>quaecunque</strong></span> <span class='ocrx_word' id='word_1_115' title='bbox 905 1882 1092 1936; x_wconf 85' lang='lat' dir='ltr'><strong>civilia</strong></span> <span class='ocrx_word' id='word_1_116' title='bbox 1133 1880 1255 1934; x_wconf 86' lang='lat' dir='ltr'><strong>sunt</strong></span> <span class='ocrx_word' id='word_1_117' title='bbox 1287 1920 1304 1946; x_wconf 88' lang='lat'><strong>,</strong></span> <span class='ocrx_word' id='word_1_118' title='bbox 1372 1879 1438 1932; x_wconf 84' lang='lat' dir='ltr'><strong>ad</strong></span> <span class='ocrx_word' id='word_1_119' title='bbox 1492 1877 1545 1931; x_wconf 89' lang='lat' dir='ltr'><strong>se</strong></span> <span class='ocrx_word' id='word_1_120' title='bbox 1601 1894 1714 1932; x_wconf 92' lang='lat' dir='ltr'><strong>non</strong></span> <span class='ocrx_word' id='word_1_121' title='bbox 1758 1877 1994 1947; x_wconf 68' lang='lat' dir='ltr'><strong>spectare</strong></span> 
     </span>
     <span class='ocr_line' id='line_1_16' title="bbox 223 1993 1995 2068; baseline -0.005 -14"><span class='ocrx_word' id='word_1_122' title='bbox 223 2000 442 2066; x_wconf 78' lang='lat' dir='ltr'><strong>censet,</strong></span> <span class='ocrx_word' id='word_1_123' title='bbox 495 2015 676 2068; x_wconf 92' lang='lat' dir='ltr'><strong>neque</strong></span> <span class='ocrx_word' id='word_1_124' title='bbox 733 1999 899 2051; x_wconf 84' lang='lat' dir='ltr'><strong>ullam</strong></span> <span class='ocrx_word' id='word_1_125' title='bbox 955 1997 1115 2051; x_wconf 90' lang='lat' dir='ltr'><strong>novit</strong></span> <span class='ocrx_word' id='word_1_126' title='bbox 1176 1997 1488 2061; x_wconf 82' lang='lat' dir='ltr'><strong>caritatem,</strong></span> <span class='ocrx_word' id='word_1_127' title='bbox 1544 1993 1681 2063; x_wconf 81' lang='lat' dir='ltr'><strong>quae</strong></span> <span class='ocrx_word' id='word_1_128' title='bbox 1722 1994 1820 2062; x_wconf 84' lang='lat' dir='ltr'><strong>ipsi</strong></span> <span class='ocrx_word' id='word_1_129' title='bbox 1860 1993 1995 2047; x_wconf 86' lang='lat' dir='ltr'><strong>tanti</strong></span> 
     </span>
     <span class='ocr_line' id='line_1_17' title="bbox 227 2108 1998 2179; baseline -0.005 -10"><span class='ocrx_word' id='word_1_130' title='bbox 227 2115 509 2179; x_wconf 86' lang='lat' dir='ltr'><strong>videatur,</strong></span> <span class='ocrx_word' id='word_1_131' title='bbox 560 2127 661 2179; x_wconf 81' lang='lat' dir='ltr'><strong>ut,</strong></span> <span class='ocrx_word' id='word_1_132' title='bbox 704 2112 894 2164; x_wconf 67' lang='lat' dir='ltr'><strong>relicto</strong></span> <span class='ocrx_word' id='word_1_133' title='bbox 941 2113 1095 2178; x_wconf 88' lang='lat' dir='ltr'><strong>oti0,</strong></span> <span class='ocrx_word' id='word_1_134' title='bbox 1139 2111 1445 2163; x_wconf 85' lang='lat' dir='ltr'><strong>communia</strong></span> <span class='ocrx_word' id='word_1_135' title='bbox 1488 2125 1612 2161; x_wconf 91' lang='lat' dir='ltr'><strong>cum</strong></span> <span class='ocrx_word' id='word_1_136' title='bbox 1653 2109 1868 2162; x_wconf 90' lang='lat' dir='ltr'><strong>civibus</strong></span> <span class='ocrx_word' id='word_1_137' title='bbox 1916 2108 1998 2161; x_wconf 89' lang='lat' dir='ltr'><strong>su-</strong></span> 
     </span>
     <span class='ocr_line' id='line_1_18' title="bbox 231 2222 1994 2296; baseline -0.003 -13"><span class='ocrx_word' id='word_1_138' title='bbox 231 2232 359 2284; x_wconf 85' lang='lat' dir='ltr'><strong>beat</strong></span> <span class='ocrx_word' id='word_1_139' title='bbox 401 2229 561 2296; x_wconf 85' lang='lat' dir='ltr'><strong>Reip.</strong></span> <span class='ocrx_word' id='word_1_140' title='bbox 597 2243 762 2281; x_wconf 83' lang='lat' dir='ltr'><strong>onera</strong></span> <span class='ocrx_word' id='word_1_141' title='bbox 790 2227 841 2280; x_wconf 87' lang='lat'>&amp;</span> <span class='ocrx_word' id='word_1_142' title='bbox 865 2226 1126 2296; x_wconf 86' lang='lat' dir='ltr'><strong>pericula.</strong></span> <span class='ocrx_word' id='word_1_143' title='bbox 1209 2224 1371 2279; x_wconf 85' lang='lat' dir='ltr'><strong>Haud</strong></span> <span class='ocrx_word' id='word_1_144' title='bbox 1399 2225 1470 2276; x_wconf 86' lang='lat' dir='ltr'><strong>ita</strong></span> <span class='ocrx_word' id='word_1_145' title='bbox 1495 2222 1763 2277; x_wconf 80' lang='lat' dir='ltr'><strong>Socrates·</strong></span> <span class='ocrx_word' id='word_1_146' title='bbox 1839 2223 1994 2277; x_wconf 89' lang='lat' dir='ltr'><strong>Idem</strong></span> 
     </span>
     <span class='ocr_line' id='line_1_19' title="bbox 233 2339 1996 2412; baseline -0.002 -14"><span class='ocrx_word' id='word_1_147' title='bbox 233 2346 326 2398; x_wconf 90' lang='lat' dir='ltr'><strong>ille</strong></span> <span class='ocrx_word' id='word_1_148' title='bbox 348 2385 365 2410; x_wconf 84' lang='lat'>‚</span> <span class='ocrx_word' id='word_1_149' title='bbox 405 2346 498 2412; x_wconf 90' lang='lat' dir='ltr'><strong>qui</strong></span> <span class='ocrx_word' id='word_1_150' title='bbox 532 2344 587 2396; x_wconf 90' lang='lat' dir='ltr'><strong>in</strong></span> <span class='ocrx_word' id='word_1_151' title='bbox 614 2343 919 2412; x_wconf 85' lang='lat' dir='ltr'><strong>praeceptis</strong></span> <span class='ocrx_word' id='word_1_152' title='bbox 954 2358 1064 2395; x_wconf 90' lang='lat' dir='ltr'><strong>non</strong></span> <span class='ocrx_word' id='word_1_153' title='bbox 1096 2340 1420 2409; x_wconf 79' lang='lat' dir='ltr'><strong>prudentiae</strong></span> <span class='ocrx_word' id='word_1_154' title='bbox 1457 2351 1663 2394; x_wconf 85' lang='lat' dir='ltr'><strong>tantum</strong></span> <span class='ocrx_word' id='word_1_155' title='bbox 1693 2339 1872 2393; x_wconf 89' lang='lat' dir='ltr'><strong>civilis</strong></span> <span class='ocrx_word' id='word_1_156' title='bbox 1899 2339 1996 2394; x_wconf 91' lang='lat' dir='ltr'><strong>sed</strong></span> 
     </span>
     <span class='ocr_line' id='line_1_20' title="bbox 228 2454 1991 2516; baseline -0.003 0"><span class='ocrx_word' id='word_1_157' title='bbox 228 2461 354 2516; x_wconf 77' lang='lat' dir='ltr'><strong>artis</strong></span> <span class='ocrx_word' id='word_1_158' title='bbox 397 2460 560 2513; x_wconf 84' lang='lat' dir='ltr'><strong>etiam</strong></span> <span class='ocrx_word' id='word_1_159' title='bbox 589 2459 819 2513; x_wconf 82' lang='lat' dir='ltr'><strong>bellicae</strong></span> <span class='ocrx_word' id='word_1_160' title='bbox 853 2457 1125 2510; x_wconf 84' lang='lat' dir='ltr'><strong>tradendis</strong></span> <span class='ocrx_word' id='word_1_161' title='bbox 1154 2457 1430 2510; x_wconf 89' lang='lat' dir='ltr'><strong>neminem</strong></span> <span class='ocrx_word' id='word_1_162' title='bbox 1458 2454 1872 2509; x_wconf 77' lang='lat' dir='ltr'><strong>Atheniensium</strong></span> <span class='ocrx_word' id='word_1_163' title='bbox 1898 2456 1991 2512; x_wconf 86' lang='lat' dir='ltr'><strong>ha-</strong></span> 
     </span>
     <span class='ocr_line' id='line_1_21' title="bbox 228 2563 1991 2643; baseline -0.003 -13"><span class='ocrx_word' id='word_1_164' title='bbox 228 2577 394 2630; x_wconf 85' lang='lat' dir='ltr'><strong>bebat</strong></span> <span class='ocrx_word' id='word_1_165' title='bbox 437 2590 652 2643; x_wconf 80' lang='lat' dir='ltr'><strong>parem,</strong></span> <span class='ocrx_word' id='word_1_166' title='bbox 694 2585 808 2626; x_wconf 88' lang='lat' dir='ltr'><strong>tum</strong></span> <span class='ocrx_word' id='word_1_167' title='bbox 835 2571 1049 2640; x_wconf 77' lang='lat' dir='ltr'><strong>junior,</strong></span> <span class='ocrx_word' id='word_1_168' title='bbox 1091 2584 1205 2625; x_wconf 91' lang='lat' dir='ltr'><strong>tum</strong></span> <span class='ocrx_word' id='word_1_169' title='bbox 1243 2570 1657 2641; x_wconf 85' lang='lat' dir='ltr'><strong>quadragenario</strong></span> <span class='ocrx_word' id='word_1_170' title='bbox 1690 2569 1894 2639; x_wconf 84' lang='lat' dir='ltr'><strong>major,</strong></span> <span class='ocrx_word' id='word_1_171' title='bbox 1933 2563 1991 2625; x_wconf 84' lang='lat' dir='ltr'><strong>in</strong></span> 
     </span>
     <span class='ocr_line' id='line_1_22' title="bbox 230 2686 1992 2758; baseline -0.001 -14"><span class='ocrx_word' id='word_1_172' title='bbox 230 2691 482 2744; x_wconf 83' lang='lat' dir='ltr'><strong>exercitu</strong></span> <span class='ocrx_word' id='word_1_173' title='bbox 529 2689 725 2742; x_wconf 89' lang='lat' dir='ltr'><strong>meruit</strong></span> <span class='ocrx_word' id='word_1_174' title='bbox 772 2689 928 2740; x_wconf 87' lang='lat' dir='ltr'><strong>miles</strong></span> <span class='ocrx_word' id='word_1_175' title='bbox 979 2689 1282 2758; x_wconf 82' lang='lat' dir='ltr'><strong>gregarius;</strong></span> <span class='ocrx_word' id='word_1_176' title='bbox 1325 2688 1411 2754; x_wconf 85' lang='lat'><strong>&amp;,</strong></span> <span class='ocrx_word' id='word_1_177' title='bbox 1455 2686 1698 2741; x_wconf 86' lang='lat' dir='ltr'><strong>evocatis</strong></span> <span class='ocrx_word' id='word_1_178' title='bbox 1741 2686 1807 2741; x_wconf 88' lang='lat' dir='ltr'><strong>ad</strong></span> <span class='ocrx_word' id='word_1_179' title='bbox 1853 2704 1992 2742; x_wconf 80' lang='lat' dir='ltr'><strong>arma</strong></span> 
     </span>
    </p>
   </div>
   <div class='ocr_carea' id='block_1_3' title="bbox 230 2801 1992 2972">
    <p class='ocr_par' dir='ltr' id='par_1_4' title="bbox 230 2801 1992 2972">
     <span class='ocr_line' id='line_1_23' title="bbox 230 2801 1992 2874; baseline -0.002 -14"><span class='ocrx_word' id='word_1_180' title='bbox 230 2806 478 2870; x_wconf 79' lang='lat' dir='ltr'><strong>civibus,</strong></span> <span class='ocrx_word' id='word_1_181' title='bbox 550 2820 658 2874; x_wconf 85' lang='lat' dir='ltr'><strong>quo</strong></span> <span class='ocrx_word' id='word_1_182' title='bbox 718 2803 976 2871; x_wconf 84' lang='lat' dir='ltr'><strong>juberent</strong></span> <span class='ocrx_word' id='word_1_183' title='bbox 1033 2803 1199 2857; x_wconf 87' lang='lat' dir='ltr'><strong>duces</strong></span> <span class='ocrx_word' id='word_1_184' title='bbox 1231 2843 1248 2869; x_wconf 88' lang='lat'>‚</span> <span class='ocrx_word' id='word_1_185' title='bbox 1305 2801 1445 2856; x_wconf 66' lang='lat' dir='ltr'><strong>terrai</strong></span> <span class='ocrx_word' id='word_1_186' title='bbox 1490 2803 1728 2873; x_wconf 86' lang='lat' dir='ltr'><strong>marique</strong></span> <span class='ocrx_word' id='word_1_187' title='bbox 1775 2802 1992 2857; x_wconf 87' lang='lat' dir='ltr'><strong>secutus</strong></span> 
     </span>
     <span class='ocr_line' id='line_1_24' title="bbox 1223 2917 1984 2972; baseline 0.001 -1"><span class='ocrx_word' id='word_1_188' title='bbox 1223 2917 1267 2971; x_wconf 93' lang='lat' dir='ltr'>B</span> <span class='ocrx_word' id='word_1_189' title='bbox 1879 2917 1984 2972; x_wconf 88' lang='lat' dir='ltr'><strong>est:</strong></span> 
     </span>
    </p>
   </div>
  </div>
 </body>
</html>
