2211 3228
556 210 693 272 DE
771 202 1292 266 socaATE
1370 202 1664 272 emir„
1913 219 1989 279 35

227 373 446 433 rannide
484 372 655 443 potiti
689 370 844 437 sunt,
884 367 1035 422 mille
1077 367 1408 439 quingentos
1437 365 1589 419 cives
1613 365 1677 419 ab
1705 362 1810 431 iis,
1841 362 1987 421 indi·

225 491 309 547 cta
340 488 507 545 caussa
526 529 544 557 ‚
573 488 850 544 damnatos
888 503 947 541 ac
972 481 1210 540 carnifici
1239 480 1307 535 ad
1333 492 1566 535 mortem
1599 480 1823 535 traditos
1850 479 1992 541 Iso·

228 622 501 661 eRATEs
552 606 747 673 aliique
787 600 1073 655 testentur.
1156 598 1496 669 Quamquam
1533 608 1714 652 autem
1757 596 1814 651 id
1840 593 1992 665 quod

226 721 419 775 sentias
439 759 456 786 ,
477 718 682 774 etiamsi
713 718 984 786 optimum
1008 716 1105 781 fit,
1128 726 1312 770 tamen
1339 729 1451 766 non
1480 712 1692 782 semper
1725 713 1777 768 &
1806 709 1989 766 ubivis

229 836 307 895 est
346 835 671 901 dicendum,
724 845 924 888 tantam
962 832 1251 886 hominum
1294 830 1736 885 atrocissimorum
1775 838 1992 897 tamque

234 964 515 1008 cruentam
543 949 935 1004 immanitatem
960 949 1153 1004 tacitus
1179 944 1320 1001 ferre
1352 961 1464 999 non
1489 945 1674 1014 potuit
1700 944 1784 998 vir
1812 943 1998 997 huma-

232 1069 417 1124 nitatis
455 1066 598 1122 haud
642 1066 819 1118 minus
865 1078 1026 1132 quam
1060 1061 1294 1130 justitiae
1342 1076 1553 1126 amans,
1595 1074 1698 1112 nec
1738 1058 1834 1114 fibi
1864 1068 2000 1116 tem·

235 1200 456 1255 peram,
498 1183 632 1252 quin
678 1179 966 1250 aliquando
1012 1177 1161 1232 hisce
1200 1178 1257 1232 in
1284 1192 1380 1232 eos
1408 1175 1592 1230 verbis
1626 1174 2000 1230 inveheretur,

238 1339 280 1369 „
321 1300 437 1354 Vix
486 1299 602 1352 dies
642 1299 791 1363 abit,
845 1297 977 1365 quin
1016 1294 1297 1349 videamus
1341 1291 1588 1362 Triginta
1627 1289 1793 1346 hosce
1833 1288 1999 1361 Reip„

237 1454 279 1483 ‚‚
321 1415 527 1477 nostrae
581 1414 970 1467 Moderatores
1015 1410 1082 1463 ad
1128 1423 1328 1463 necem
1361 1407 1578 1459 mittere
1616 1404 2001 1474 quamplures,

238 1569 282 1598 ‚‚
323 1529 522 1597 eosque
572 1541 684 1579 non
726 1525 792 1577 de
835 1524 1063 1593 pessirnis
1095 1524 1345 1590 civibus,
1386 1522 1570 1591 plures
1602 1521 1765 1574 etiam
1797 1515 2004 1589 injusti·

237 1683 284 1713 ,‚
324 1645 430 1699 tiae
478 1640 599 1695 suae
640 1637 821 1694 facere
867 1638 1079 1693 socios:
1123 1637 1358 1691 Mirarer
1384 1676 1402 1704 ,
1456 1635 1494 1689 fi
1539 1635 1661 1705 quis
1707 1635 1877 1688 boum
1913 1648 2008 1703 pa-

238 1799 280 1829 „
317 1759 459 1826 ster,
513 1768 752 1812 armenta
794 1756 882 1810 sua
925 1754 1174 1825 quotidie
1219 1755 1474 1808 minuens
1513 1750 1564 1809 &
1618 1750 1896 1811 deteriora
1929 1745 2010 1813 fa-

245 1915 286 1945 ,‚
330 1875 481 1929 ciens
502 1914 519 1942 ,
559 1889 672 1927 non
711 1875 778 1928 ab
803 1873 1057 1926 omnibus
1098 1870 1429 1940 judicaretur
1459 1868 1630 1924 malus
1662 1863 1769 1922 effe
1799 1879 2010 1921 armen-

246 2030 290 2059 „
327 1991 525 2046 tarius:
606 1990 787 2044 Miror
824 2001 1004 2044 autem
1049 1989 1249 2058 magiS‚
1305 1987 1345 2041 s1
1379 1987 1502 2055 quis
1553 1953 1767 2039 civitati
1797 1977 2012 2050 praefe-

247 2138 289 2173 a,
327 2105 477 2172 ἕως,
520 2104 648 2158 dum
693 2104 940 2172 quotidie
976 2106 1128 2157 cives
1183 2102 1252 2155 de
1280 2100 1462 2154 medio
1497 2100 1644 2153 tollit
1669 2108 1761 2153 aut
1789 2095 2011 2166 pejores

254 2259 297 2288 „
336 2219 552 2287 reddit,
592 2234 705 2273 non
745 2218 1058 2284 erubescat,
1110 2231 1290 2284 neque
1340 2213 1647 2280 existimet,
1690 2213 1744 2267 se
1785 2225 2014 2282 pravum

257 2374 298 2402 „
342 2333 448 2388 ess'e
490 2334 541 2389 ὃς
591 2335 896 2404 improbum
943 2336 1106 2402 Reip.
1158 2332 1591 2403 gubernatorem.
1614 2328 1646 2348 ”
1699 2326 1832 2382 Erat
1872 2327 2014 2379 inter

257 2449 386 2504 istos
412 2450 657 2523 Triginta
684 2462 796 2504 tum
837 2449 1148 2505 auc‘toritate
1166 2489 1183 2515 ,
1224 2459 1339 2500 tum
1364 2445 1539 2500 feroci
1566 2443 1784 2499 audacia
1811 2483 1828 2510 ‚
1867 2441 2015 2511 prin-

261 2581 395 2635 ceps
423 2566 654 2634 CritiaS‚
706 2566 1016 2636 disciplinae
1067 2563 1337 2634 quondam
1375 2563 1679 2616 Socraticae
1736 2560 2014 2623 alumnus,

259 2682 389 2746 sed,
430 2682 645 2749 quando
673 2684 735 2736 ab
762 2680 852 2735 illa
879 2681 984 2749 jam
1034 2680 1365 2746 desciverat,
1409 2676 1515 2748 (ut
1552 2675 1866 2746 improbitas
1894 2687 2020 2726 cum

266 2796 474 2868 ingrato
512 2799 692 2852 animo
736 2796 1022 2866 conjuncta
1058 2796 1235 2851 virum
1273 2797 1511 2861 bonum,
1552 2809 1665 2848 non
1688 2791 1786 2848 nisi
1812 2785 2021 2846 benefi-

1144 2910 1194 2965 E
1238 2928 1267 2964 2
1918 2903 2018 2959 ciis
