2211 3228
276 219 348 275 ‘16
726 212 1578 284 ORATIO

281 414 326 444 ,‚
366 371 565 428 testes:
621 370 783 425 Anne
824 385 954 442 ergo
992 373 1234 441 putati3‚
1292 389 1380 428 me
1428 374 1495 429 ad
1545 389 1663 429 eam
1705 373 2043 446 septuaginta

282 529 322 556 ,,
361 503 622 541 annorum
677 499 910 541 aetatem
961 485 1119 541 fuifl'e
1166 501 1597 558 perventurum,
1638 490 1678 544 fi
1720 493 1918 558 Remp.
1958 506 2045 545 ca-

284 643 323 670 „
363 601 715 672 pesfiviffem‚
756 615 916 672 atque
967 605 1024 657 in
1067 602 1129 656 ea
1153 604 1564 660 administranda
1590 606 1661 659 fic
1688 604 1901 660 fuissem
1930 622 2053 659 ver·

287 759 326 786 ,,
368 718 538 786 satus,
599 719 1055 788 quemadmodum
1106 722 1228 774 viro
1281 724 1432 775 bono
1486 722 1706 792 dignum
1748 720 1859 788 est,
1914 720 2045 789 juris

286 874 328 902 ,,
371 836 422 888 &
461 835 619 902 aequi
662 833 951 901 defensor,
989 849 1270 904 unumque
1313 838 1369 890 id
1414 838 1688 905 officium,
1727 839 1808 891 uti
1848 836 2044 903 decet,

288 990 328 1016 „
373 949 580 1002 cunctis
640 951 755 1004 aliis
806 950 1109 1003 commodis
1161 950 1497 1019 praeferens.
1580 951 1828 1004 Multum
1868 951 2046 1018 abest,

289 1104 330 1132 ,,
373 1067 436 1116 o!
472 1065 836 1117 Athenienses
856 1104 873 1131 ‚
903 1077 965 1118 ut
997 1066 1202 1120 tamdiu
1231 1064 1637 1137 superfuissem:
1682 1064 1888 1136 Neque
1915 1068 2047 1121 alius

292 1220 328 1247 ,,
370 1180 654 1250 quisquam
690 1182 1008 1248 hominum,
1051 1184 1125 1236 ita
1162 1182 1215 1236 se
1265 1199 1459 1253 gerens
1503 1184 1553 1238 &
1598 1184 1836 1253 publicis
1869 1183 1923 1237 se
1953 1183 2051 1236 im-

296 1336 337 1365 „
379 1295 609 1350 miscens
639 1297 911 1368 negotii5‚
956 1298 1129 1351 salvus
1159 1295 1402 1353 evafiffet

370 1412 490 1466 En!
521 1413 682 1465 vobis
699 1452 716 1480 ,
748 1415 901 1466 AUD
924 1429 1216 1479 1TORES,
1265 1429 1399 1481 quae
1427 1415 1602 1468 virum
1631 1413 2060 1483 sapientissimum

295 1546 325 1584 a
369 1528 721 1598 procurandis
771 1529 1009 1582 civitatis
1055 1530 1295 1600 negotiis
1338 1528 1663 1585 absterrebat
1710 1531 1862 1584 ratio,
1942 1531 2054 1601 Qui

301 1646 359 1698 in
394 1641 492 1710 ea,
537 1659 671 1713 quae
699 1654 814 1697 tum
841 1657 953 1699 erat
987 1645 1254 1711 Athenis,
1294 1646 1374 1697 rei
1411 1646 1592 1699 civilis
1619 1644 1823 1712 forma,
1864 1646 2059 1714 populi

301 1775 515 1826 moreS,
582 1775 778 1829 pravos
835 1760 1009 1813 multo
1059 1760 1228 1831 magis
1281 1776 1438 1830 quam
1486 1762 1696 1827 bonm,
1760 1759 1903 1813 ferre
1950 1775 2061 1814 non

302 1873 521 1948 posset,
562 1875 641 1928 illi
683 1877 876 1945 procul
916 1877 979 1930 ab
1023 1875 1117 1929 ista
1163 1877 1406 1930 claritate
1452 1876 1503 1930 δι
1545 1876 1902 1945 amplitudine
1948 1886 2061 1930 erat

302 1992 623 2047 vivendum.
662 2019 764 2032 -—-
827 1992 918 2046 De
970 1993 1116 2062 Rep.
1172 1991 1549 2046 constituenda
1607 1993 1734 2046 alibi
1771 1990 2061 2059 differem,

309 2109 559 2163 Socrates
599 2107 962 2177 Philosophos
1007 2106 1248 2162 adfirmat
1278 2107 1423 2161 haud
1450 2106 1641 2175 injuria
1666 2108 1860 2160 civiles
1890 2107 2061 2162 undas

318 2224 724 2279 exhorrescere.
806 2227 848 2255 ‘⁶
888 2222 1146 2290 Etenim,
1199 2224 1416 2292 inquit,
1457 2224 1768 2292 quicunque
1823 2223 2068 2278 dulcedi-

312 2380 355 2408 „
397 2355 523 2392 nem
568 2339 714 2392 vitae
759 2340 903 2392 illius
946 2355 1077 2393 vere
1119 2341 1308 2393 beatae
1349 2339 1406 2390 in
1446 2336 1622 2391 studio
1654 2337 1945 2407 sapientiae
1972 2339 2066 2393 vel

314 2496 355 2524 „
396 2470 682 2524 parumper
710 2453 1033 2526 gustaverit,
1066 2455 1117 2508 &
1142 2452 1506 2507 multitudinis
1531 2452 1870 2522 perspexerit
1888 2470 2070 2507 amen·

322 2611 360 2638 2,
402 2571 566 2635 tiam3
605 2597 662 2610 —-
727 2570 819 2639 qui
875 2581 1137 2639 expertus
1200 2570 1299 2636 fit,
1363 2569 1622 2622 neminen
1674 2569 2074 2639 propemodum

321 2727 361 2753 ‚‚
405 2685 513 2739 sani
554 2685 686 2754 quid
733 2686 791 2737 in
833 2684 1242 2740 administranda
1285 2686 1508 2739 civitate
1548 2684 1848 2754 praestare,
1890 2701 2070 2754 neque

321 2841 364 2869 ᾖ,
404 2800 581 2857 adeffe
609 2801 706 2855 fibi
736 2802 906 2857 ullum.
927 2801 1166 2868 socium,
1209 2817 1319 2872 quo
1355 2800 1598 2873 adjutore
1627 2799 1859 2869 justitiae
1892 2802 2074 2869 opitu-

1917 2956 1960 2984 „
2001 2916 2075 2970 la-
