2211 3228
234 128 307 189 -18
683 124 1545 182 ‘ORATIO'

245 286 526 342 Platonem
559 277 831 332 auctorem
863 278 1229 333 vehementer
1258 279 1585 353 sequentis)
1628 283 1668 312 ‘⁴
1697 295 1904 343 tantum
1943 291 2000 346 in

248 440 292 470 „
333 400 473 465 Rep.
502 392 952 447 contendendum
989 391 1132 460 effe,
1175 407 1433 462 quantum
1468 398 1697 466 probare
1732 401 1838 453 tuis
1864 404 2000 458 civi-

251 553 292 580 „
330 513 430 563 bus
460 508 614 578 poffis
636 547 653 574 ‚
692 508 806 560 vim
851 523 1030 576 neque
1056 510 1304 576 parenti,
1344 525 1522 578 neque
1557 512 1761 567 Patriae
1793 515 2008 571 adferre

250 664 291 692 2,
331 636 587 693 oportere
623 663 640 689 ,
679 650 734 660 -
773 621 840 674 de
870 622 1128 687 Platone,
1170 620 1387 692 inquam
1417 665 1434 691 ,
1490 626 1732 694 constat,
1788 646 1910 683 cum
1951 632 1999 684 is

255 778 299 805 ,,
338 739 412 794 ita
441 737 704 802 sentiret,
743 736 881 790 hanc
927 737 1089 790 etiam
1130 738 1210 788 illi
1258 738 1483 794 cauffam
1524 739 1680 794 fuisse
1712 759 1823 797 non
1850 747 2008 801 attin»

253 893 296 921 9,
340 850 544 923 gendae
589 851 751 918 Reip.
782 850 930 919 quod
961 889 978 915 ,
1030 867 1155 903 cum
1193 852 1503 907 offendiffet
1533 856 1801 924 Populum
1835 861 2008 913 Athe-

254 1008 295 1036 „
335 964 577 1019 niensem
621 979 793 1031 prope
833 962 942 1030 jam
988 962 1347 1032 desipientem
1387 967 1664 1022 senectute
1698 1010 1715 1035 ,
1772 986 2010 1040 cumque

250 1117 294 1148 „
337 1094 461 1132 eum
489 1093 592 1130 nec
620 1075 995 1146 persuadendo
1023 1117 1040 1146 ,
1093 1094 1195 1132 nec
1239 1081 1489 1151 cogendo
1523 1085 1636 1154 regi
1665 1083 1815 1154 poffe
1845 1087 2013 1140 vidis-

259 1236 301 1264 „
342 1192 423 1247 set
453 1233 471 1260 ,
526 1207 652 1246 cum
693 1192 1000 1260 persuaderi
1054 1193 1204 1264 poffe
1249 1195 1561 1264 diffideret,
1614 1202 1739 1270 cogi
1784 1199 1864 1255 fas
1903 1201 2016 1255 effe

249 1352 293 1382 3,
336 1324 450 1363 non
479 1308 834 1362 arbitraretur.
853 1308 886 1327 ’³
939 1307 1047 1362 Sed
1070 1309 1207 1363 nihil
1235 1314 1580 1381 praeceptori
1610 1315 1705 1368 suo
1736 1314 2013 1371 adfinxisse

254 1424 539 1479 Platonem
568 1461 585 1488 ‚
642 1421 792 1491 quod
835 1423 900 1475 ab
942 1422 1058 1489 ejus
1100 1422 1328 1492 persona
1357 1438 1446 1479 aut
1480 1427 1748 1484 sententia
1775 1432 2015 1487 alienum

257 1538 427 1595 fuerit
454 1577 473 1605 ,
513 1536 656 1591 haud
688 1538 893 1590 incerta
926 1535 1034 1590 fide
1068 1539 1371 1608 probatur;
1409 1557 1512 1595 nec
1558 1542 1828 1599 dubitabit
1869 1549 2015 1618 quis-

254 1669 419 1724 quam
445 1691 463 1720 ,
514 1650 555 1706 fi
595 1650 1017 1705 consideraverit
1045 1693 1063 1720 ‚
1119 1628 1253 1722 quae
1297 1653 1464 1708 fuerit
1492 1695 1510 1723 ,
1562 1657 1828 1727 postrema
1864 1677 2016 1730 prae-

258 1763 445 1820 sertim
485 1776 660 1819 aetate
704 1767 938 1820 Socratis
962 1806 978 1832 ‚
1036 1767 1197 1836 Reip„
1233 1769 1456 1823 Atticae
1484 1771 1749 1826 conditio.
1826 1775 2023 1831 Paucis*

260 1880 408 1934 illam
451 1882 502 1935 &
530 1897 662 1950 quae
694 1881 778 1935 his
812 1880 1019 1934 eisdem
1052 1881 1204 1934 annis
1233 1921 1250 1946 ,
1304 1882 1363 1936 id
1402 1881 1478 1936 est
1503 1923 1522 1950 ‚
1576 1884 1834 1956 flagrante
1865 1891 2024 1945 bello

261 1995 724 2066 Peloponnefiaco
754 2035 778 2063 ‚.
840 1995 1120 2049 civitatem
1171 1994 1473 2066 prefferunt
1523 2000 1698 2067 mala,
1765 2002 2020 2075 depinga-

270 2126 436 2164 mus:
494 2109 583 2164 Ex
624 2111 729 2165 illis
773 2111 977 2180 quippe
1022 2124 1156 2178 quae
1200 2126 1364 2178 porro
1420 2113 1649 2167 dicenda
1695 2114 1815 2169 sunt
1847 2158 1869 2186 ,.
1920 2119 2027 2173 cla-

266 2226 374 2279 tius
417 2226 736 2280 elucebunt.

347 2338 548 2408 Remp.
591 2339 857 2403 Atticam,
899 2337 1187 2391 discordiis
1225 2338 1444 2406 festam,
1488 2356 1651 2408 quum
1695 2342 2028 2399 constituen-

279 2455 400 2510 dam
428 2450 723 2522 aecepifl'et
754 2453 949 2518 Solon,
992 2466 1098 2506 tam
1130 2453 1428 2521 prudenter
1460 2455 1778 2524 popularem
1808 2460 2027 2529 regimi-

275 2570 358 2623 nis
405 2565 634 2621 formam
664 2578 1061 2637 temperaverat
1090 2607 1107 2633 ,
1147 2580 1240 2635 ut,
1280 2566 1529 2638 oppressa
1571 2569 1861 2640 praecipua
1897 2578 2030 2631 mali»

275 2685 442 2751 labe,
482 2679 655 2737 nimia„
685 2683 1030 2755 optimatium>
1064 2680 1380 2739 auctoritate
1410 2724 1429 2753 ,
1472 2684 1606 2740 effet
1649 2700 1831 2742 tamen
1869 2689 1920 2743 &
1960 2694 2034 2746 ab

1952 2807 2028 2859 ab
