2211 3228
602 161 738 223 DE
819 159 1333 219 socRATE
1413 163 1702 228 crvssr
1963 191 2027 244 19

264 326 429 386 altera
465 336 617 394 parte
660 331 999 376 momentum
1044 319 1263 389 aliquod
1289 360 1306 386 ‚
1360 323 1507 390 quod
1557 328 2020 386 contra-nitentis

262 440 543 511 potentiae
581 436 853 508 popularis
883 434 1098 503 pondus
1137 435 1424 490 cohiberet
1457 456 1471 490 ε
1526 441 1703 507 Atque
1751 442 1910 511 hujus
1955 447 2020 498 li-

262 551 525 609 bramenti
577 568 700 604 cum
746 551 921 603 variae
964 547 1185 602 fuerunt
1240 552 1475 605 rationes
1511 592 1527 617 ‚
1585 565 1699 607 tum
1758 569 1866 610 tres
1925 562 2014 614 hic

261 670 491 722 maxime
535 662 893 732 spectandae:
955 662 1128 716 Prima
1154 703 1171 730 ‚
1226 665 1404 731 quod,
1447 666 1594 719 aufui
1635 669 1682 720 &
1723 672 2015 727 constitut&

259 778 534 849 Areopagi
572 775 918 842 auGtor·itate‚
959 776 1126 829 Solon
1153 778 1258 831 hoc
1280 780 1586 834 Concilium
1612 782 1819 850 juss'erit
1851 787 2009 853 ipsius

258 897 455 966 Populi
497 890 606 946 esse
650 882 993 957 Censorem,v
1059 891 1272 962 Legum
1324 898 1638 966 veterisque
1692 898 2008 967 disciplinae

260 1007 539 1064 custodem
591 1017 750 1076 atque
807 1003 1129 1058 vindicem:
1200 1005 1324 1076 Qua
1369 1010 1640 1081 Areopagi
1697 1011 2008 1068 auctoritate

258 1122 501 1179 censoria
536 1118 749 1173 frenum
788 1116 979 1185 injecit
1020 1121 1358 1174 turbulentae
1386 1122 1769 1179 Democratiae
1809 1142 1876 1180 co
1914 1144 2005 1182 va·

255 1240 417 1295 lidius
451 1276 468 1303 ‚
538 1231 683 1303 quod
735 1247 896 1286 nemo
927 1273 943 1299 ‚
1014 1234 1112 1289 nisi
1177 1235 1269 1302 qui
1324 1236 1550 1297 Archon
1590 1236 1807 1306 fuerat,
1865 1244 2008 1297 inter

256 1352 524 1408 Censores
565 1347 689 1400 istos
732 1345 1224 1417 Moderatoresque
1267 1351 1428 1418 Reip.
1461 1350 1819 1420 adlegeretur.
1895 1356 2009 1409 Ve-

252 1469 358 1521 tuit
405 1476 585 1519 autem
633 1462 779 1515 idem
834 1460 1044 1530 (atque
1099 1463 1232 1516 haec
1289 1463 1365 1516 est
1418 1463 1650 1520 secunda
1697 1468 2006 1525 libramenti

249 1577 432 1650 ratio>
473 1591 541 1630 ne
561 1615 579 1642 ,
621 1590 744 1629 cum
771 1586 1002 1642 quatuor
1033 1573 1216 1629 forent
1249 1577 1468 1632 Civium
1493 1579 1713 1633 ordines
1742 1622 1760 1648 ‚
1798 1583 2003 1653 postre-

248 1710 334 1749 ma
371 1693 568 1757 clasfiS‚
611 1704 801 1744 eorum
831 1704 1035 1759 nempe
1064 1692 1156 1760 qui
1189 1694 1366 1764 capite
1401 1692 1572 1749 effent
1599 1695 1777 1763 censt,
1818 1697 1884 1752 ad
1922 1696 2006 1752 su-

245 1823 494 1881 premum
528 1807 584 1860 in
614 1805 853 1860 Civitate
898 1804 1164 1859 honorem
1207 1807 1425 1877 possent
1473 1809 1772 1879 adspirare,
1822 1827 2005 1884 neque

247 1923 504 1994 suffragiis
547 1923 748 1976 civium
795 1920 938 1973 inter
978 1921 1282 1976 Archontas
1328 1925 1483 1996 legi:
1564 1924 1788 1995 Quippe
1842 1928 2002 1986 tertia

245 2037 525 2095 haecifuit
558 2036 745 2090 Soloni
778 2051 933 2101 cura,
978 2051 1083 2101 ne,
1125 2039 1578 2105 quemadmodum
1619 2040 1676 2091 in
1710 2040 1994 2109 Judieibus

246 2149 500 2206 Heliastis
550 2150 739 2203 aliisve
783 2147 1190 2218 Magistratibus
1238 2154 1481 2207 creandis
1534 2169 1651 2207 mos
1703 2165 1857 2220 erat,
1921 2154 1994 2210 fic

246 2265 408 2319 etiam
438 2304 454 2330 ,
507 2279 618 2317 non
658 2262 849 2331 populi
889 2261 1099 2331 judicio
1126 2304 1144 2330 ,
1200 2263 1294 2318 sed
1336 2266 1463 2320 sorti
1514 2267 1947 2336 committeretur
1974 2309 1992 2336 ‚

242 2380 365 2448 quis
414 2379 558 2432 iilam
610 2388 824 2430 teneret
865 2377 1181 2447 dignitatem
1210 2419 1228 2444 ,
1298 2397 1326 2433 a
1367 2383 1466 2448 qua
1492 2423 1510 2448 ‚
1565 2381 1728 2435 isthac
1771 2352 1992 2451 quidem

246 2493 407 2562 Reip.
457 2503 630 2547 aetate
660 2532 676 2557 ‚
745 2493 1005 2546 maximae
1057 2510 1140 2547 res
1184 2495 1506 2564 gerebantur
1534 2535 1552 2561 ‚
1611 2494 1659 2548 &
1719 2496 1786 2562 ad
1834 2467 1990 2566 quain

242 2623 405 2661 nemo
440 2607 821 2661 admittebatur
852 2647 868 2671 ,
925 2607 1019 2659 nisi
1057 2610 1149 2676 qui
1188 2609 1470 2678 duplicem
1495 2626 1705 2664 morum
1748 2627 1807 2663 ae
1844 2612 1989 2667 vitae

244 2721 652 2790 probationem,
694 2720 925 2790 primum
961 2722 1015 2774 in
1040 2722 1239 2778 Senatu
1273 2723 1744 2795 Quingentorum,
1786 2727 1986 2793 deinde

1223 2837 1268 2891 C
1313 2855 1340 2890 2
1844 2843 1997 2921 'apud-
