2211 3228
224 186 291 225 22
683 163 1520 222 ORATIO

237 324 507 381 Siculam?
537 322 653 390 quis
683 318 941 371 munitam
966 318 1311 374 Deceleam?
1341 323 1458 388 quis
1487 322 1726 377 eversam
1751 325 1979 384 formam

230 440 544 510 popularem
583 433 878 503 legitimam
914 434 964 486 δε
998 434 1053 485 in
1098 434 1500 503 Oligarchicum
1538 437 1975 509 Quadringento-

229 570 342 607 rum
379 550 663 619 imperium
699 548 1053 602 conversam?
1095 550 1214 618 quis
1252 550 1517 624 obseffaS‚
1559 552 1699 607 fame
1733 555 1979 623 enecffias,

224 668 496 739 proditaS,
553 679 733 734 captas
777 664 1065 718 Athenas?
1116 665 1234 731 quis
1283 635 1526 734 dejectos
1558 672 1779 725 muros?
1822 674 1975 739 quiS,

226 785 322 838 sub
376 782 933 837 Lacedaemoniorum
977 781 1281 848 patrocinio
1330 783 1380 834 &
1426 785 1596 836 tutela
1628 825 1644 851 ‚
1702 783 1978 853 furenteS,

221 898 470 970 oppressa
513 897 827 958 Libertate,
864 893 1116 948 adversus
1160 894 1426 962 optimum
1474 913 1744 966 quemque
1797 902 1978 954 civem

225 986 447 1085 triginta
486 992 808 1079 Tyrannos‘?
859 1009 978 1076 quis
1023 1006 1291 1075 denique,
1333 1008 1613 1078 postquam
1649 1026 1772 1064 cum
1804 1015 1979 1065 omni-

227 1134 327 1185 bus
369 1127 593 1182 miseriis
639 1112 971 1178 conflictatae
1015 1122 1188 1176 effent
1227 1124 1510 1192 Athenae,
1552 1126 1785 1195 ejectum
1815 1131 1979 1182 truci·

225 1247 516 1312 datumque
558 1241 783 1294 Critiam
825 1254 949 1291 cum
991 1238 1304 1293 crudelibus
1335 1239 1527 1307 sociis,
1570 1239 1624 1294 c&
1653 1243 1975 1312 Rempubli-

226 1378 344 1417 cam
391 1376 418 1412 a
455 1356 795 1424 Thrasybulo
835 1355 1104 1423 praeclare
1135 1353 1474 1409 restitutam?

293 1475 508 1532 Horum
550 1473 793 1527 omnium
833 1471 1128 1538 maiorum,
1179 1485 1313 1540 quae
1350 1486 1514 1524 nemo
1543 1470 1619 1524 est
1645 1471 1979 1540 ScrIptorum

226 1605 479 1650 veterum
532 1591 625 1659 qui
683 1603 796 1642 non
835 1585 1035 1641 referat
1078 1585 1143 1640 ad
1179 1587 1406 1656 primam
1459 1586 1676 1640 effrenis
1719 1588 1974 1645 licentiae

224 1708 502 1783 popularis
551 1702 813 1768 cauffam,
853 1730 906 1742 —
946 1702 1139 1755 horum
1181 1703 1424 1754 omnium
1456 1702 1715 1755 malorum
1745 1701 1891 1755 testis
1921 1703 1975 1757 δε

221 1824 490 1899 spectator
530 1820 637 1875 fuit
675 1818 954 1872 Socrates:
997 1817 1103 1885 Et,
1145 1832 1268 1871 cum
1296 1833 1409 1871 non
1447 1815 1608 1870 facile
1643 1829 1813 1872 totae
1841 1818 1975 1872 tanti

221 1939 552 1998 funestissimi
583 1936 731 1990 casus
757 1936 893 1988 intra
928 1936 1096 1988 breve
1129 1948 1424 2005 paucorum
1455 1948 1715 1987 annorum
1745 1933 1973 2003 spatium

221 2062 279 2114 in
305 2055 541 2113 Historia
569 2052 938 2120 cujuscunque
968 2050 1144 2120 gentis
1171 2048 1412 2103 conclusi
1438 2050 1799 2117 reperiantur,
1843 2064 1976 2119 ope-

222 2191 307 2230 rae
339 2172 578 2243 pretium
622 2167 697 2222 est
739 2165 1075 2220 confiderare
1097 2204 1113 2232 ,
1158 2165 1328 2233 qualis
1359 2165 1416 2217 in
1448 2176 1555 2217 tam
1590 2165 1790 2218 crebris
1810 2205 1827 2232 ,
1870 2176 1978 2218 tam

224 2290 450 2355 subitis,
520 2300 627 2338 tam
660 2284 821 2338 variis
847 2323 864 2349 ,
932 2293 1041 2334 tam
1081 2280 1344 2334 violentis
1397 2281 1557 2348 Reip.
1609 2280 1974 2333 conversioni-

226 2400 363 2473 bus,
402 2432 458 2443 —
497 2401 703 2471 qualis,
746 2400 994 2467 inquam,
1036 2396 1175 2449 civis
1204 2392 1372 2448 fuerit
1402 2395 1665 2448 Socrates,
1742 2395 1855 2447 Aut
1887 2411 1974 2448 me

224 2522 405 2577 omnia
446 2517 671 2582 fallunt,
724 2526 814 2569 aut
843 2511 1151 2568 fatebimini
1193 2526 1442 2578 mecum,
1485 2509 1973 2580 quemadmodum,

226 2654 350 2693 cum
378 2633 652 2691 saeviffimi
686 2631 809 2685 mali
833 2630 981 2682 labes
1011 2627 1429 2681 innumerabiles
1451 2625 1811 2679 Athenienses
1843 2642 1976 2694 quo-

225 2754 360 2807 tidie
402 2760 648 2822 raperet,
689 2742 1049 2817 temperantia
1090 2744 1137 2798 &
1172 2739 1489 2798 abstinentia
1519 2743 1624 2796 hoc
1657 2740 1841 2795 effecit
1876 2741 1971 2794 So-

1863 2871 1973 2910 Cl‘a·
