2211 3228
225 166 259 224 4
682 147 1531 206 ORATIO

232 312 344 367 sum
374 305 676 363 constanter
705 304 975 370 tenuerit,
1019 314 1179 371 atque
1212 305 1284 359 ita
1321 306 1374 359 se
1407 304 1657 377 gefferit,
1698 318 1759 360 ut
1787 310 1988 380 rigidus

229 441 386 483 verae
428 420 717 491 sapientiae
767 418 983 473 satelles
1027 419 1257 488 optimas
1296 432 1476 489 partes
1523 436 1796 489 nunquam
1837 423 1988 477 dese-

232 537 427 604 ruifl'e,
467 550 646 605 neque
689 548 870 590 tamen
911 535 1037 588 ullis
1077 550 1308 604 unquam
1355 536 1557 591 civium
1597 536 1784 592 studiis
1817 549 1997 593 totum

231 653 341 707 sese
372 648 632 707 addixiffe
668 652 719 706 &
751 651 910 705 velut
937 651 1210 720 mancipio
1239 649 1510 706 tradidiss'e
1537 652 1804 707 videatur.

302 768 422 840 Ego
481 783 616 822 vero
645 807 662 834 ,
747 780 1194 820 AUDITORES
1260 785 1314 822 0.
1396 784 1448 821 0.
1526 782 1986 823 HUMANrssr·

232 900 279 937 M
300 902 348 952 1,
379 912 435 924 --
473 882 507 955 (
519 881 649 952 quid
678 881 823 934 enim
851 881 1103 947 diffitear,
1145 881 1585 949 perturbatisfima
1611 884 1742 950 hac,
1785 900 1885 953 qua
1911 886 1995 938 vi·

235 1001 414 1053 vimus
435 1037 452 1065 ,
496 998 701 1051 Patriae
732 994 1087 1062 conditione,
1128 1011 1217 1049 me
1246 994 1629 1052 consolationis
1658 997 1999 1068 indigentem

232 1115 289 1168 in
332 1112 478 1168 hisce
521 1111 945 1182 cogitationibus
980 1109 1298 1181 frequenter
1328 1109 1435 1165 effe
1467 1110 1756 1182 defixum)
1795 1141 1851 1151 —
1891 1129 1998 1183 ego

230 1245 398 1297 vem,
446 1228 574 1282 dum
603 1226 960 1294 Antiquitatis
989 1228 1305 1281 memoriam
1335 1230 1526 1282 recolo
1555 1269 1573 1295 ,
1634 1227 1768 1281 duos
1798 1212 1998 1298 potiffi-

234 1360 381 1398 mum
406 1344 631 1398 invenio
668 1343 853 1408 virm,
897 1340 1095 1410 dispari
1138 1341 1460 1395 conditione
1503 1359 1562 1396 ac
1597 1341 1815 1396 fortuna
1844 1382 1860 1409 ,
1903 1342 1999 1396 sed

235 1460 327 1512 illa
365 1457 624 1528 sapientia
653 1472 839 1526 pares,
881 1467 979 1522 ut,
1023 1457 1294 1525 corruptis
1325 1458 1528 1510 civium
1556 1458 1832 1524 moribUS‚
1875 1474 2000 1527 per=⁵

238 1575 349 1629 dita
380 1574 717 1644 Republica,
756 1570 965 1625 adflicta
997 1589 1095 1641 per
1126 1587 1423 1642 paucorum
1456 1573 1769 1629 dominandi
1814 1574 1997 1627 libidi-
2053 1555 2055 1557 ¹

237 1706 365 1745 nem
410 1691 462 1744 δε
506 1688 879 1743 universorum
918 1689 1207 1741 amentiam
1254 1689 1504 1743 libertate
1536 1729 1553 1755 ‚
1621 1689 1733 1743 sese
1777 1690 1997 1758 quidem

241 1808 305 1861 ab
341 1806 490 1859 omni
531 1805 827 1858 ambitione
862 1803 1353 1873 discordiarumque
1387 1805 1625 1858 motibus
1653 1817 2003 1859 removerent

242 1936 401 1991 quam
424 1921 753 1992 longiffime‚
793 1934 974 1988 neque
1011 1930 1190 1972 tamen
1215 1920 1505 1989 quidquam
1536 1922 1799 1989 temporis
1829 1917 2002 1973 cauffii

244 2034 536 2101 facerent3
595 2034 687 2087 sed
727 2034 957 2087 humana
996 2033 1187 2088 cuncta
1229 2035 1441 2102 placide
1494 2051 1554 2089 ac
1602 2035 1880 2088 moderate
1922 2033 2002 2088 fe-

247 2160 432 2203 rentes
461 2188 478 2215 ,
533 2147 587 2201 &
637 2147 733 2201 fibi
773 2150 828 2199 in
868 2149 982 2200 vita
1034 2148 1170 2200 nihil
1212 2148 1584 2217 praestandum
1633 2161 1848 2217 praeter
1889 2150 2002 2202 cul,-

245 2280 367 2334 pam
397 2274 682 2333 putanteS,
723 2263 991 2315 bonorum
1024 2261 1072 2314 &
1105 2265 1492 2317 excellentium
1530 2265 1803 2331 virorum,
1846 2281 2000 2334 quas-

248 2394 464 2448 cunque
530 2378 585 2431 in
641 2377 864 2430 civitate
911 2389 1088 2446 partes
1135 2378 1526 2447 sequerentur,
1580 2377 1732 2432 usum
1770 2381 2004 2433 benivo-

250 2495 581 2562 lentiamque
626 2494 945 2546 retinerent,
1032 2493 1182 2547 Vere
1228 2496 1373 2547 enim
1422 2496 1768 2548 arbitraba-tur
1811 2496 2004 2549 horum

254 2612 429 2676 alter,
490 2610 647 2663 Titus
688 2609 1020 2678 Pomponius
1069 2609 1330 2677 Atticus,
1399 2609 1589 2663 fluctus
1641 2611 1832 2665 civil-es
1891 2627 2005 2665 non

256 2725 417 2796 magis
457 2726 513 2780 in
551 2726 769 2780 illorum
806 2722 913 2779 effe
951 2723 1215 2796 potestate
1243 2766 1259 2795 ‚
1303 2726 1392 2795 qui
1435 2725 1487 2780 se
1524 2727 1588 2779 iis
1624 2724 2006 2790 credidissent,

1850 2857 2011 2911 quam
