<?xml version="1.0" encoding="UTF-8"?>
<!DOCTYPE html PUBLIC "-//W3C//DTD XHTML 1.0 Transitional//EN"
    "http://www.w3.org/TR/xhtml1/DTD/xhtml1-transitional.dtd">
<html xmlns="http://www.w3.org/1999/xhtml" xml:lang="en" lang="en">
 <head>
  <title>
</title>
<meta http-equiv="Content-Type" content="text/html;charset=utf-8" />
  <meta name='ocr-system' content='tesseract 3.04.00' />
  <meta name='ocr-capabilities' content='ocr_page ocr_carea ocr_par ocr_line ocrx_word'/>
</head>
<body>
  <div class='ocr_page' id='page_1' title='image "./ioannisluzacorat05luza_0078.png"; bbox 0 0 2211 3228; ppageno 0'>
   <div class='ocr_carea' id='block_1_1' title="bbox 165 207 1546 263">
    <p class='ocr_par' dir='ltr' id='par_1_1' title="bbox 165 207 1546 263">
     <span class='ocr_line' id='line_1_1' title="bbox 165 207 1546 263; baseline 0.008 -11"><span class='ocrx_word' id='word_1_1' title='bbox 165 217 220 261; x_wconf 78' lang='lat'><strong>62</strong></span> <span class='ocrx_word' id='word_1_2' title='bbox 580 207 1546 263; x_wconf 86' lang='lat' dir='ltr'><strong>PROBATIONES</strong></span> 
     </span>
    </p>
   </div>
   <div class='ocr_carea' id='block_1_2' title="bbox 175 333 1986 533">
    <p class='ocr_par' dir='ltr' id='par_1_2' title="bbox 175 333 1986 533">
     <span class='ocr_line' id='line_1_2' title="bbox 175 333 1981 400; baseline -0.001 -19"><span class='ocrx_word' id='word_1_3' title='bbox 175 346 217 388; x_wconf 55' lang='grc' dir='ltr'>ἃ</span> <span class='ocrx_word' id='word_1_4' title='bbox 250 356 272 387; x_wconf 83' lang='lat' dir='ltr'>a</span> <span class='ocrx_word' id='word_1_5' title='bbox 302 354 387 396; x_wconf 82' lang='lat' dir='ltr'><strong>quo</strong></span> <span class='ocrx_word' id='word_1_6' title='bbox 414 340 504 383; x_wconf 86' lang='lat' dir='ltr'><strong>Lex</strong></span> <span class='ocrx_word' id='word_1_7' title='bbox 525 340 607 381; x_wconf 83' lang='lat' dir='ltr'><strong>lata</strong></span> <span class='ocrx_word' id='word_1_8' title='bbox 633 335 787 387; x_wconf 86' lang='lat' dir='ltr'><strong>fuerit,</strong></span> <span class='ocrx_word' id='word_1_9' title='bbox 819 342 865 375; x_wconf 89' lang='lat' dir='ltr'><strong>ut</strong></span> <span class='ocrx_word' id='word_1_10' title='bbox 889 333 1121 378; x_wconf 82' lang='lat' dir='ltr'><strong>Archontis</strong></span> <span class='ocrx_word' id='word_1_11' title='bbox 1151 339 1331 394; x_wconf 82' lang='lat' dir='ltr'>dignitas</span> <span class='ocrx_word' id='word_1_12' title='bbox 1367 341 1478 387; x_wconf 76' lang='lat' dir='ltr'><strong>f0ret</strong></span> <span class='ocrx_word' id='word_1_13' title='bbox 1507 345 1691 400; x_wconf 61' lang='grc' dir='ltr'><em>κληρωτῆ,</em></span> <span class='ocrx_word' id='word_1_14' title='bbox 1720 359 1833 400; x_wconf 62' lang='lat' dir='ltr'><strong>non,</strong></span> <span class='ocrx_word' id='word_1_15' title='bbox 1864 358 1911 397; x_wconf 63' lang='lat' dir='ltr'><strong>ut</strong></span> <span class='ocrx_word' id='word_1_16' title='bbox 1930 363 1981 397; x_wconf 61' lang='lat' dir='ltr'><strong>ex</strong></span> 
     </span>
     <span class='ocr_line' id='line_1_3' title="bbox 177 404 1983 468; baseline 0 -10"><span class='ocrx_word' id='word_1_17' title='bbox 177 413 346 458; x_wconf 83' lang='lat' dir='ltr'><strong>Solonis</strong></span> <span class='ocrx_word' id='word_1_18' title='bbox 381 407 569 450; x_wconf 86' lang='lat' dir='ltr'><strong>instituto</strong></span> <span class='ocrx_word' id='word_1_19' title='bbox 602 405 766 456; x_wconf 87' lang='lat' dir='ltr'><strong>fuerat,</strong></span> <span class='ocrx_word' id='word_1_20' title='bbox 797 404 933 455; x_wconf 71' lang='grc' dir='ltr'><strong>αἱρετή.</strong></span> <span class='ocrx_word' id='word_1_21' title='bbox 995 404 1123 446; x_wconf 81' lang='lat' dir='ltr'><strong>Certe</strong></span> <span class='ocrx_word' id='word_1_22' title='bbox 1156 410 1223 450; x_wconf 90' lang='lat' dir='ltr'><strong>vel</strong></span> <span class='ocrx_word' id='word_1_23' title='bbox 1248 421 1380 454; x_wconf 79' lang='lat' dir='ltr'><strong>aetate</strong></span> <span class='ocrx_word' id='word_1_24' title='bbox 1413 411 1633 466; x_wconf 83' lang='lat' dir='ltr'><strong>Aristidis,</strong></span> <span class='ocrx_word' id='word_1_25' title='bbox 1664 416 1731 456; x_wconf 86' lang='lat' dir='ltr'><strong>vel</strong></span> <span class='ocrx_word' id='word_1_26' title='bbox 1761 425 1983 468; x_wconf 82' lang='lat' dir='ltr'>antequam</span> 
     </span>
     <span class='ocr_line' id='line_1_4' title="bbox 177 472 1986 533; baseline 0.001 -9"><span class='ocrx_word' id='word_1_27' title='bbox 177 482 358 528; x_wconf 84' lang='lat' dir='ltr'><strong>Pericles</strong></span> <span class='ocrx_word' id='word_1_28' title='bbox 397 475 639 516; x_wconf 65' lang='lat' dir='ltr'><strong>auctoritate</strong></span> <span class='ocrx_word' id='word_1_29' title='bbox 661 476 819 515; x_wconf 82' lang='lat' dir='ltr'><strong>valeret</strong></span> <span class='ocrx_word' id='word_1_30' title='bbox 838 472 880 513; x_wconf 84' lang='lat' dir='ltr'><strong>in</strong></span> <span class='ocrx_word' id='word_1_31' title='bbox 904 472 1168 529; x_wconf 59' lang='lat' dir='ltr'><strong>Republica,</strong></span> <span class='ocrx_word' id='word_1_32' title='bbox 1201 479 1302 521; x_wconf 79' lang='lat' dir='ltr'><strong>haec</strong></span> <span class='ocrx_word' id='word_1_33' title='bbox 1319 480 1402 533; x_wconf 81' lang='lat' dir='ltr'><strong>jam</strong></span> <span class='ocrx_word' id='word_1_34' title='bbox 1425 480 1610 522; x_wconf 86' lang='lat' dir='ltr'>obtinuit</span> <span class='ocrx_word' id='word_1_35' title='bbox 1637 483 1830 524; x_wconf 82' lang='lat' dir='ltr'><strong>mutatio.</strong></span> <span class='ocrx_word' id='word_1_36' title='bbox 1889 485 1986 527; x_wconf 86' lang='lat' dir='ltr'><strong>Plu·</strong></span> 
     </span>
    </p>
   </div>
   <div class='ocr_carea' id='block_1_3' title="bbox 175 540 1981 673">
    <p class='ocr_par' dir='ltr' id='par_1_3' title="bbox 175 540 1981 673">
     <span class='ocr_line' id='line_1_5' title="bbox 177 540 1981 600; baseline 0.004 -8"><span class='ocrx_word' id='word_1_37' title='bbox 177 552 295 593; x_wconf 75' lang='lat' dir='ltr'><strong>ribus</strong></span> <span class='ocrx_word' id='word_1_38' title='bbox 322 547 399 586; x_wconf 80' lang='lat' dir='ltr'><strong>hac</strong></span> <span class='ocrx_word' id='word_1_39' title='bbox 437 543 487 584; x_wconf 86' lang='lat' dir='ltr'><strong>de</strong></span> <span class='ocrx_word' id='word_1_40' title='bbox 521 556 594 595; x_wconf 87' lang='lat' dir='ltr'><strong>re,</strong></span> <span class='ocrx_word' id='word_1_41' title='bbox 636 543 728 597; x_wconf 78' lang='lat' dir='ltr'><strong>post</strong></span> <span class='ocrx_word' id='word_1_42' title='bbox 758 540 1018 594; x_wconf 81' lang='lat' dir='ltr'><strong>Meurfium,</strong></span> <span class='ocrx_word' id='word_1_43' title='bbox 1059 544 1329 600; x_wconf 77' lang='lat' dir='ltr'><strong>disputarunt</strong></span> <span class='ocrx_word' id='word_1_44' title='bbox 1353 549 1585 592; x_wconf 57' lang='lat' dir='ltr'><strong>Pamzom.</strong></span> <span class='ocrx_word' id='word_1_45' title='bbox 1620 549 1672 591; x_wconf 88' lang='lat' dir='ltr'><strong>ad</strong></span> <span class='ocrx_word' id='word_1_46' title='bbox 1701 553 1841 595; x_wconf 66' lang='lat' dir='ltr'><strong>Aizi..</strong></span> <span class='ocrx_word' id='word_1_47' title='bbox 1878 555 1981 600; x_wconf 89' lang='lat' dir='ltr'><strong>Var.</strong></span> 
     </span>
     <span class='ocr_line' id='line_1_6' title="bbox 175 609 1828 673; baseline 0.003 -14"><span class='ocrx_word' id='word_1_48' title='bbox 175 616 283 659; x_wconf 75' lang='lat' dir='ltr'><strong>nist.</strong></span> <span class='ocrx_word' id='word_1_49' title='bbox 309 613 410 656; x_wconf 87' lang='lat' dir='ltr'><strong>Lib.</strong></span> <span class='ocrx_word' id='word_1_50' title='bbox 442 609 555 653; x_wconf 79' lang='lat' dir='ltr'><strong>Vm.</strong></span> <span class='ocrx_word' id='word_1_51' title='bbox 593 612 703 664; x_wconf 84' lang='lat' dir='ltr'><strong>Cap.</strong></span> <span class='ocrx_word' id='word_1_52' title='bbox 740 624 805 652; x_wconf 88' lang='lat'><strong>10.</strong></span> <span class='ocrx_word' id='word_1_53' title='bbox 838 611 1145 657; x_wconf 65' lang='lat' dir='ltr'><strong>Consmus</strong></span> <span class='ocrx_word' id='word_1_54' title='bbox 1179 620 1223 659; x_wconf 81' lang='lat' dir='ltr'><strong>in</strong></span> <span class='ocrx_word' id='word_1_55' title='bbox 1255 619 1308 660; x_wconf 85' lang='lat' dir='ltr'><strong>F.</strong></span> <span class='ocrx_word' id='word_1_56' title='bbox 1337 616 1435 662; x_wconf 67' lang='lat' dir='ltr'><strong>An.</strong></span> <span class='ocrx_word' id='word_1_57' title='bbox 1473 619 1578 663; x_wconf 75' lang='lat' dir='ltr'><strong>Diis.</strong></span> <span class='ocrx_word' id='word_1_58' title='bbox 1614 619 1652 661; x_wconf 93' lang='grc' dir='ltr'><strong>Ι.</strong></span> <span class='ocrx_word' id='word_1_59' title='bbox 1686 621 1728 673; x_wconf 82' lang='lat'><strong>§.</strong></span> <span class='ocrx_word' id='word_1_60' title='bbox 1763 634 1828 664; x_wconf 87' lang='lat'><strong>11.</strong></span> 
     </span>
    </p>
   </div>
   <div class='ocr_carea' id='block_1_4' title="bbox 174 746 2005 2872">
    <p class='ocr_par' dir='ltr' id='par_1_4' title="bbox 174 746 2005 2872">
     <span class='ocr_line' id='line_1_7' title="bbox 233 746 1985 813; baseline 0.006 -23"><span class='ocrx_word' id='word_1_61' title='bbox 233 749 344 791; x_wconf 81' lang='lat' dir='ltr'><strong>lbid.</strong></span> <span class='ocrx_word' id='word_1_62' title='bbox 378 749 420 791; x_wconf 86' lang='lat' dir='ltr'><strong>in</strong></span> <span class='ocrx_word' id='word_1_63' title='bbox 445 747 478 790; x_wconf 89' lang='lat' dir='ltr'><strong>f.</strong></span> <span class='ocrx_word' id='word_1_64' title='bbox 537 748 625 790; x_wconf 88' lang='lat' dir='ltr'><strong>Per</strong></span> <span class='ocrx_word' id='word_1_65' title='bbox 658 749 828 801; x_wconf 78' lang='lat' dir='ltr'><strong>interpo</strong></span> <span class='ocrx_word' id='word_1_66' title='bbox 827 746 935 790; x_wconf 59' lang='grc' dir='ltr'><strong>[Σίπτη</strong></span> <span class='ocrx_word' id='word_1_67' title='bbox 966 749 1195 805; x_wconf 66' lang='lat' dir='ltr'><strong>Ephialtae</strong></span> <span class='ocrx_word' id='word_1_68' title='bbox 1227 751 1445 805; x_wconf 80' lang='lat' dir='ltr'><strong>perfimam</strong></span> <span class='ocrx_word' id='word_1_69' title='bbox 1487 775 1542 786; x_wconf 90' lang='lat'><strong>-—</strong></span> <span class='ocrx_word' id='word_1_70' title='bbox 1582 755 1771 800; x_wconf 82' lang='lat' dir='ltr'><strong>Pericles</strong></span> <span class='ocrx_word' id='word_1_71' title='bbox 1799 757 1949 813; x_wconf 69' lang='lat' dir='ltr'><strong>effecit.</strong></span> <span class='ocrx_word' id='word_1_72' title='bbox 1965 757 1985 812; x_wconf 89' lang='lat'>]</span> 
     </span>
     <span class='ocr_line' id='line_1_8' title="bbox 178 817 1984 875; baseline 0.003 -12"><span class='ocrx_word' id='word_1_73' title='bbox 178 820 266 863; x_wconf 84' lang='lat' dir='ltr'><strong>Res</strong></span> <span class='ocrx_word' id='word_1_74' title='bbox 297 817 503 861; x_wconf 83' lang='lat' dir='ltr'><strong>notiffima</strong></span> <span class='ocrx_word' id='word_1_75' title='bbox 530 830 580 859; x_wconf 85' lang='lat' dir='ltr'>ex</span> <span class='ocrx_word' id='word_1_76' title='bbox 612 818 899 860; x_wconf 75' lang='lat' dir='ltr'><strong>ARISTOT.</strong></span> <span class='ocrx_word' id='word_1_77' title='bbox 934 820 976 860; x_wconf 90' lang='lat' dir='ltr'><strong>d.</strong></span> <span class='ocrx_word' id='word_1_78' title='bbox 1014 821 1043 860; x_wconf 90' lang='lat' dir='ltr'><strong>l.</strong></span> <span class='ocrx_word' id='word_1_79' title='bbox 1074 820 1198 861; x_wconf 84' lang='lat' dir='ltr'><strong>Polit.</strong></span> <span class='ocrx_word' id='word_1_80' title='bbox 1222 819 1322 861; x_wconf 89' lang='lat' dir='ltr'><strong>Lib.</strong></span> <span class='ocrx_word' id='word_1_81' title='bbox 1345 820 1399 863; x_wconf 86' lang='grc' dir='ltr'><strong>Π.</strong></span> <span class='ocrx_word' id='word_1_82' title='bbox 1435 822 1544 875; x_wconf 82' lang='lat' dir='ltr'><strong>Cap.</strong></span> <span class='ocrx_word' id='word_1_83' title='bbox 1581 837 1645 867; x_wconf 89' lang='lat'><strong>10.</strong></span> <span class='ocrx_word' id='word_1_84' title='bbox 1676 825 1841 868; x_wconf 83' lang='lat' dir='ltr'><strong>D10D.</strong></span> <span class='ocrx_word' id='word_1_85' title='bbox 1870 826 1984 869; x_wconf 86' lang='lat' dir='ltr'><strong>S1c.</strong></span> 
     </span>
     <span class='ocr_line' id='line_1_9' title="bbox 174 887 1986 948; baseline 0.003 -17"><span class='ocrx_word' id='word_1_86' title='bbox 174 889 277 932; x_wconf 89' lang='lat' dir='ltr'><strong>Lib.</strong></span> <span class='ocrx_word' id='word_1_87' title='bbox 306 887 528 947; x_wconf 45' lang='lat' dir='ltr'><strong>X1.„Cap.</strong></span> <span class='ocrx_word' id='word_1_88' title='bbox 563 899 628 939; x_wconf 70' lang='grc' dir='ltr'><strong>Π.</strong></span> <span class='ocrx_word' id='word_1_89' title='bbox 692 887 1052 929; x_wconf 73' lang='lat' dir='ltr'><strong>PLUTARCHO</strong></span> <span class='ocrx_word' id='word_1_90' title='bbox 1078 889 1119 928; x_wconf 85' lang='lat' dir='ltr'><strong>in</strong></span> <span class='ocrx_word' id='word_1_91' title='bbox 1150 888 1236 928; x_wconf 64' lang='lat' dir='ltr'><strong>vita</strong></span> <span class='ocrx_word' id='word_1_92' title='bbox 1255 888 1426 930; x_wconf 83' lang='lat' dir='ltr'>Periclis</span> <span class='ocrx_word' id='word_1_93' title='bbox 1459 891 1557 932; x_wconf 90' lang='lat' dir='ltr'><strong>Vol.</strong></span> <span class='ocrx_word' id='word_1_94' title='bbox 1584 892 1618 933; x_wconf 90' lang='lat' dir='ltr'><strong>I.</strong></span> <span class='ocrx_word' id='word_1_95' title='bbox 1660 907 1758 947; x_wconf 82' lang='lat' dir='ltr'><strong>pag.</strong></span> <span class='ocrx_word' id='word_1_96' title='bbox 1788 908 1882 948; x_wconf 80' lang='lat'><strong>347.</strong></span> <span class='ocrx_word' id='word_1_97' title='bbox 1918 896 1986 937; x_wconf 86' lang='lat' dir='ltr'><strong>ed.</strong></span> 
     </span>
     <span class='ocr_line' id='line_1_10' title="bbox 184 954 1987 1016; baseline 0.005 -20"><span class='ocrx_word' id='word_1_98' title='bbox 184 959 341 1011; x_wconf 76' lang='lat' dir='ltr'><strong>Bryan.</strong></span> <span class='ocrx_word' id='word_1_99' title='bbox 376 956 541 1009; x_wconf 73' lang='lat' dir='ltr'><strong>(Toni,</strong></span> <span class='ocrx_word' id='word_1_100' title='bbox 575 957 608 996; x_wconf 93' lang='lat' dir='ltr'><strong>I.</strong></span> <span class='ocrx_word' id='word_1_101' title='bbox 641 964 738 1004; x_wconf 67' lang='lat' dir='ltr'><strong>pag.</strong></span> <span class='ocrx_word' id='word_1_102' title='bbox 774 954 902 1005; x_wconf 80' lang='lat'><strong>158.)</strong></span> <span class='ocrx_word' id='word_1_103' title='bbox 944 956 1137 1007; x_wconf 84' lang='lat' dir='ltr'><strong>pluribus</strong></span> <span class='ocrx_word' id='word_1_104' title='bbox 1175 955 1357 1008; x_wconf 76' lang='lat' dir='ltr'><strong>exposita</strong></span> <span class='ocrx_word' id='word_1_105' title='bbox 1391 967 1413 994; x_wconf 89' lang='lat' dir='ltr'>a</span> <span class='ocrx_word' id='word_1_106' title='bbox 1450 956 1719 1004; x_wconf 71' lang='lat' dir='ltr'><strong>Mssunsm</strong></span> <span class='ocrx_word' id='word_1_107' title='bbox 1758 963 1802 1004; x_wconf 84' lang='lat' dir='ltr'><strong>iu</strong></span> <span class='ocrx_word' id='word_1_108' title='bbox 1825 964 1987 1016; x_wconf 84' lang='lat' dir='ltr'><strong>Areop.</strong></span> 
     </span>
     <span class='ocr_line' id='line_1_11' title="bbox 180 1022 1992 1078; baseline 0.004 -13"><span class='ocrx_word' id='word_1_109' title='bbox 180 1026 290 1078; x_wconf 73' lang='lat' dir='ltr'><strong>Cap.</strong></span> <span class='ocrx_word' id='word_1_110' title='bbox 331 1024 504 1078; x_wconf 66' lang='lat' dir='ltr'><strong>1X.Jo.</strong></span> <span class='ocrx_word' id='word_1_111' title='bbox 534 1024 814 1064; x_wconf 77' lang='lat' dir='ltr'><strong>TAYLORO</strong></span> <span class='ocrx_word' id='word_1_112' title='bbox 837 1022 886 1062; x_wconf 70' lang='lat' dir='ltr'><strong>ad</strong></span> <span class='ocrx_word' id='word_1_113' title='bbox 918 1023 1141 1064; x_wconf 80' lang='lat' dir='ltr'><strong>LYSIAM</strong></span> <span class='ocrx_word' id='word_1_114' title='bbox 1177 1035 1274 1075; x_wconf 84' lang='lat' dir='ltr'><strong>pag.</strong></span> <span class='ocrx_word' id='word_1_115' title='bbox 1311 1035 1376 1074; x_wconf 86' lang='lat'><strong>17.</strong></span> <span class='ocrx_word' id='word_1_116' title='bbox 1408 1022 1712 1071; x_wconf 69' lang='lat' dir='ltr'><strong>PRinnAux</strong></span> <span class='ocrx_word' id='word_1_117' title='bbox 1754 1030 1805 1071; x_wconf 84' lang='lat' dir='ltr'><strong>ad</strong></span> <span class='ocrx_word' id='word_1_118' title='bbox 1834 1029 1992 1073; x_wconf 79' lang='lat' dir='ltr'><strong>Marm.</strong></span> 
     </span>
     <span class='ocr_line' id='line_1_12' title="bbox 178 1088 1990 1154; baseline 0.004 -19"><span class='ocrx_word' id='word_1_119' title='bbox 178 1094 320 1135; x_wconf 75' lang='lat' dir='ltr'><strong>Oxou.</strong></span> <span class='ocrx_word' id='word_1_120' title='bbox 340 1104 438 1145; x_wconf 82' lang='lat' dir='ltr'><strong>pag.</strong></span> <span class='ocrx_word' id='word_1_121' title='bbox 458 1100 546 1142; x_wconf 84' lang='lat'><strong>115.</strong></span> <span class='ocrx_word' id='word_1_122' title='bbox 580 1091 700 1139; x_wconf 86' lang='lat' dir='ltr'><strong>(vet.</strong></span> <span class='ocrx_word' id='word_1_123' title='bbox 718 1088 821 1141; x_wconf 80' lang='lat' dir='ltr'><strong>ed.)</strong></span> <span class='ocrx_word' id='word_1_124' title='bbox 844 1090 1035 1134; x_wconf 77' lang='lat' dir='ltr'><strong>BAYLE</strong></span> <span class='ocrx_word' id='word_1_125' title='bbox 1060 1094 1098 1132; x_wconf 86' lang='lat' dir='ltr'><strong>in</strong></span> <span class='ocrx_word' id='word_1_126' title='bbox 1112 1092 1219 1133; x_wconf 84' lang='lat' dir='ltr'><strong>Lex.</strong></span> <span class='ocrx_word' id='word_1_127' title='bbox 1239 1091 1634 1148; x_wconf 25' lang='lat' dir='ltr'><strong>lelist.v.Pericles‚</strong></span> <span class='ocrx_word' id='word_1_128' title='bbox 1653 1098 1770 1141; x_wconf 81' lang='lat' dir='ltr'><strong>Nota</strong></span> <span class='ocrx_word' id='word_1_129' title='bbox 1794 1099 1851 1154; x_wconf 84' lang='lat' dir='ltr'><strong>Q.</strong></span> <span class='ocrx_word' id='word_1_130' title='bbox 1879 1099 1920 1141; x_wconf 84' lang='lat'>&amp;</span> <span class='ocrx_word' id='word_1_131' title='bbox 1944 1099 1990 1142; x_wconf 88' lang='lat' dir='ltr'><strong>S.</strong></span> 
     </span>
     <span class='ocr_line' id='line_1_13' title="bbox 179 1158 1995 1222; baseline 0.001 -20"><span class='ocrx_word' id='word_1_132' title='bbox 179 1162 310 1216; x_wconf 79' lang='lat' dir='ltr'><strong>Quod</strong></span> <span class='ocrx_word' id='word_1_133' title='bbox 348 1169 486 1200; x_wconf 74' lang='lat' dir='ltr'><strong>autem</strong></span> <span class='ocrx_word' id='word_1_134' title='bbox 522 1158 633 1201; x_wconf 87' lang='lat' dir='ltr'><strong>solus</strong></span> <span class='ocrx_word' id='word_1_135' title='bbox 656 1158 836 1202; x_wconf 80' lang='lat' dir='ltr'>Athenis</span> <span class='ocrx_word' id='word_1_136' title='bbox 871 1174 1042 1215; x_wconf 81' lang='lat' dir='ltr'><strong>regnare</strong></span> <span class='ocrx_word' id='word_1_137' title='bbox 1070 1174 1155 1204; x_wconf 87' lang='lat' dir='ltr'><strong>non</strong></span> <span class='ocrx_word' id='word_1_138' title='bbox 1185 1171 1350 1203; x_wconf 77' lang='lat' dir='ltr'><strong>tantum</strong></span> <span class='ocrx_word' id='word_1_139' title='bbox 1377 1165 1612 1217; x_wconf 79' lang='lat' dir='ltr'><strong>cupiverit,</strong></span> <span class='ocrx_word' id='word_1_140' title='bbox 1645 1165 1714 1209; x_wconf 87' lang='lat' dir='ltr'><strong>sed</strong></span> <span class='ocrx_word' id='word_1_141' title='bbox 1734 1181 1830 1210; x_wconf 88' lang='lat' dir='ltr'><strong>vere</strong></span> <span class='ocrx_word' id='word_1_142' title='bbox 1850 1181 1995 1222; x_wconf 77' lang='lat' dir='ltr'><strong>regna.</strong></span> 
     </span>
     <span class='ocr_line' id='line_1_14' title="bbox 177 1225 1992 1288; baseline 0.003 -15"><span class='ocrx_word' id='word_1_143' title='bbox 177 1231 314 1282; x_wconf 82' lang='lat' dir='ltr'><strong>verit,</strong></span> <span class='ocrx_word' id='word_1_144' title='bbox 338 1229 547 1277; x_wconf 81' lang='lat' dir='ltr'><strong>Pericles,</strong></span> <span class='ocrx_word' id='word_1_145' title='bbox 577 1225 604 1267; x_wconf 85' lang='lat' dir='ltr'>fi</span> <span class='ocrx_word' id='word_1_146' title='bbox 631 1230 778 1270; x_wconf 63' lang='lat' dir='ltr'><strong>cuneta</strong></span> <span class='ocrx_word' id='word_1_147' title='bbox 801 1232 877 1272; x_wconf 81' lang='lat' dir='ltr'><strong>alia</strong></span> <span class='ocrx_word' id='word_1_148' title='bbox 902 1229 1129 1273; x_wconf 82' lang='lat' dir='ltr'><strong>deficerent</strong></span> <span class='ocrx_word' id='word_1_149' title='bbox 1152 1230 1411 1284; x_wconf 85' lang='lat' dir='ltr'><strong>testimonia,</strong></span> <span class='ocrx_word' id='word_1_150' title='bbox 1441 1234 1509 1275; x_wconf 89' lang='lat' dir='ltr'><strong>vel</strong></span> <span class='ocrx_word' id='word_1_151' title='bbox 1530 1247 1641 1278; x_wconf 85' lang='lat' dir='ltr'>unus</span> <span class='ocrx_word' id='word_1_152' title='bbox 1667 1237 1859 1288; x_wconf 82' lang='lat' dir='ltr'><strong>locuples</strong></span> <span class='ocrx_word' id='word_1_153' title='bbox 1880 1236 1992 1279; x_wconf 85' lang='lat' dir='ltr'><strong>testis</strong></span> 
     </span>
     <span class='ocr_line' id='line_1_15' title="bbox 178 1297 1994 1351; baseline 0.003 -8"><span class='ocrx_word' id='word_1_154' title='bbox 178 1300 277 1344; x_wconf 76' lang='lat' dir='ltr'><strong>eilet</strong></span> <span class='ocrx_word' id='word_1_155' title='bbox 311 1299 516 1340; x_wconf 70' lang='lat' dir='ltr'><strong>TchY</strong></span> <span class='ocrx_word' id='word_1_156' title='bbox 530 1307 671 1337; x_wconf 79' lang='lat' dir='ltr'>DIDE</span> <span class='ocrx_word' id='word_1_157' title='bbox 688 1309 707 1337; x_wconf 80' lang='lat' dir='ltr'><strong>s</strong></span> <span class='ocrx_word' id='word_1_158' title='bbox 726 1327 739 1349; x_wconf 89' lang='lat'>‚</span> <span class='ocrx_word' id='word_1_159' title='bbox 779 1300 877 1341; x_wconf 87' lang='lat' dir='ltr'><strong>loco</strong></span> <span class='ocrx_word' id='word_1_160' title='bbox 908 1299 1083 1351; x_wconf 83' lang='lat' dir='ltr'><strong>insigni,</strong></span> <span class='ocrx_word' id='word_1_161' title='bbox 1126 1297 1166 1339; x_wconf 69' lang='grc' dir='ltr'><strong>δε</strong></span> <span class='ocrx_word' id='word_1_162' title='bbox 1198 1311 1319 1350; x_wconf 84' lang='lat' dir='ltr'><strong>quem</strong></span> <span class='ocrx_word' id='word_1_163' title='bbox 1348 1300 1528 1344; x_wconf 87' lang='lat' dir='ltr'><strong>idoneus</strong></span> <span class='ocrx_word' id='word_1_164' title='bbox 1557 1317 1694 1347; x_wconf 87' lang='lat' dir='ltr'><strong>rerum</strong></span> <span class='ocrx_word' id='word_1_165' title='bbox 1719 1305 1994 1348; x_wconf 84' lang='lat' dir='ltr'><strong>humanarum</strong></span> 
     </span>
     <span class='ocr_line' id='line_1_16' title="bbox 178 1364 1992 1429; baseline 0.003 -19"><span class='ocrx_word' id='word_1_166' title='bbox 178 1368 413 1411; x_wconf 78' lang='lat' dir='ltr'><strong>aestimator</strong></span> <span class='ocrx_word' id='word_1_167' title='bbox 445 1364 558 1408; x_wconf 81' lang='lat' dir='ltr'><strong>haud</strong></span> <span class='ocrx_word' id='word_1_168' title='bbox 589 1364 712 1407; x_wconf 76' lang='lat' dir='ltr'><strong>facile</strong></span> <span class='ocrx_word' id='word_1_169' title='bbox 743 1370 955 1423; x_wconf 73' lang='lat' dir='ltr'>negligat,</span> <span class='ocrx_word' id='word_1_170' title='bbox 987 1369 1084 1411; x_wconf 86' lang='lat' dir='ltr'><strong>Lib.</strong></span> <span class='ocrx_word' id='word_1_171' title='bbox 1120 1369 1175 1412; x_wconf 88' lang='lat' dir='ltr'><strong>II.</strong></span> <span class='ocrx_word' id='word_1_172' title='bbox 1209 1369 1316 1422; x_wconf 87' lang='lat' dir='ltr'><strong>Cap.</strong></span> <span class='ocrx_word' id='word_1_173' title='bbox 1341 1372 1411 1422; x_wconf 87' lang='lat'><strong>65.</strong></span> <span class='ocrx_word' id='word_1_174' title='bbox 1471 1371 1652 1419; x_wconf 51' lang='grc' dir='ltr'><strong>ἐγίψιγο</strong></span> <span class='ocrx_word' id='word_1_175' title='bbox 1682 1391 1743 1420; x_wconf 62' lang='grc' dir='ltr'><strong>τε,</strong></span> <span class='ocrx_word' id='word_1_176' title='bbox 1772 1374 1873 1424; x_wconf 52' lang='grc' dir='ltr'><strong>λόχῳ</strong></span> <span class='ocrx_word' id='word_1_177' title='bbox 1904 1392 1992 1429; x_wconf 71' lang='lat' dir='ltr'><strong>pm,</strong></span> 
     </span>
     <span class='ocr_line' id='line_1_17' title="bbox 176 1434 1998 1501; baseline 0.005 -23"><span class='ocrx_word' id='word_1_178' title='bbox 176 1438 216 1478; x_wconf 58' lang='lat'><strong>3·-</strong></span> <span class='ocrx_word' id='word_1_179' title='bbox 203 1453 431 1489; x_wconf 56' lang='lat' dir='ltr'><strong>taonem-cm,</strong></span> <span class='ocrx_word' id='word_1_180' title='bbox 465 1434 564 1488; x_wconf 69' lang='grc' dir='ltr'>ἐ’ξνῳ</span> <span class='ocrx_word' id='word_1_181' title='bbox 588 1434 623 1473; x_wconf 67' lang='grc' dir='ltr'>σέ</span> <span class='ocrx_word' id='word_1_182' title='bbox 639 1468 648 1486; x_wconf 83' lang='lat'><strong>,</strong></span> <span class='ocrx_word' id='word_1_183' title='bbox 677 1435 748 1476; x_wconf 66' lang='grc' dir='ltr'><strong>ἀπ’</strong></span> <span class='ocrx_word' id='word_1_184' title='bbox 776 1439 821 1476; x_wconf 71' lang='grc' dir='ltr'>τέ</span> <span class='ocrx_word' id='word_1_185' title='bbox 847 1454 974 1491; x_wconf 66' lang='grc' dir='ltr'><em>πςωιε</em></span> <span class='ocrx_word' id='word_1_186' title='bbox 1005 1443 1041 1476; x_wconf 78' lang='grc' dir='ltr'><strong>οἱ</strong></span> <span class='ocrx_word' id='word_1_187' title='bbox 1048 1437 1120 1492; x_wconf 60' lang='grc' dir='ltr'><strong>ἓςς</strong></span> <span class='ocrx_word' id='word_1_188' title='bbox 1149 1442 1243 1492; x_wconf 71' lang='grc' dir='ltr'><strong>ἀξχή</strong></span> <span class='ocrx_word' id='word_1_189' title='bbox 1269 1456 1302 1479; x_wconf 73' lang='lat' dir='ltr'><strong>z.</strong></span> <span class='ocrx_word' id='word_1_190' title='bbox 1329 1459 1366 1482; x_wconf 71' lang='grc' dir='ltr'><strong>τ.</strong></span> <span class='ocrx_word' id='word_1_191' title='bbox 1387 1450 1422 1480; x_wconf 70' lang='grc' dir='ltr'><strong>λ.</strong></span> <span class='ocrx_word' id='word_1_192' title='bbox 1451 1464 1507 1475; x_wconf 87' lang='lat'><strong>--</strong></span> <span class='ocrx_word' id='word_1_193' title='bbox 1544 1439 1728 1485; x_wconf 81' lang='lat' dir='ltr'><em>Nomine</em></span> <span class='ocrx_word' id='word_1_194' title='bbox 1755 1443 1917 1501; x_wconf 71' lang='lat' dir='ltr'><strong>quidem</strong></span> <span class='ocrx_word' id='word_1_195' title='bbox 1938 1456 1998 1487; x_wconf 86' lang='lat' dir='ltr'><strong>te</strong></span> 
     </span>
     <span class='ocr_line' id='line_1_18' title="bbox 178 1505 1993 1569; baseline 0.004 -20"><span class='ocrx_word' id='word_1_196' title='bbox 178 1521 255 1550; x_wconf 72' lang='lat' dir='ltr'><strong>nus</strong></span> <span class='ocrx_word' id='word_1_197' title='bbox 279 1507 419 1559; x_wconf 82' lang='lat' dir='ltr'><strong>forma</strong></span> <span class='ocrx_word' id='word_1_198' title='bbox 446 1514 539 1549; x_wconf 80' lang='lat' dir='ltr'><strong>erat</strong></span> <span class='ocrx_word' id='word_1_199' title='bbox 573 1505 704 1559; x_wconf 78' lang='lat' dir='ltr'><strong>Reip.</strong></span> <span class='ocrx_word' id='word_1_200' title='bbox 728 1507 971 1560; x_wconf 71' lang='lat' dir='ltr'><strong>populans,</strong></span> <span class='ocrx_word' id='word_1_201' title='bbox 1008 1523 1053 1549; x_wconf 83' lang='lat' dir='ltr'><strong>re</strong></span> <span class='ocrx_word' id='word_1_202' title='bbox 1083 1519 1220 1549; x_wconf 75' lang='lat' dir='ltr'><strong>autem</strong></span> <span class='ocrx_word' id='word_1_203' title='bbox 1253 1510 1351 1550; x_wconf 64' lang='lat' dir='ltr'><strong>versi</strong></span> <span class='ocrx_word' id='word_1_204' title='bbox 1386 1523 1510 1551; x_wconf 73' lang='lat' dir='ltr'><strong>untur</strong></span> <span class='ocrx_word' id='word_1_205' title='bbox 1547 1526 1583 1552; x_wconf 69' lang='lat' dir='ltr'><strong>rt</strong></span> <span class='ocrx_word' id='word_1_206' title='bbox 1580 1514 1631 1553; x_wconf 84' lang='lat' dir='ltr'><strong>ri</strong></span> <span class='ocrx_word' id='word_1_207' title='bbox 1663 1515 1832 1566; x_wconf 64' lang='lat' dir='ltr'><strong>ispem&#39;o</strong></span> <span class='ocrx_word' id='word_1_208' title='bbox 1864 1515 1993 1569; x_wconf 77' lang='lat' dir='ltr'><strong>Resp.</strong></span> 
     </span>
     <span class='ocr_line' id='line_1_19' title="bbox 179 1574 1996 1633; baseline 0.002 -15"><span class='ocrx_word' id='word_1_209' title='bbox 179 1577 421 1633; x_wconf 74' lang='lat' dir='ltr'><strong>regebatur.</strong></span> <span class='ocrx_word' id='word_1_210' title='bbox 453 1601 507 1609; x_wconf 89' lang='grc'><strong>-</strong></span> <span class='ocrx_word' id='word_1_211' title='bbox 547 1575 771 1618; x_wconf 84' lang='lat' dir='ltr'>Caeterum</span> <span class='ocrx_word' id='word_1_212' title='bbox 810 1587 960 1628; x_wconf 84' lang='lat' dir='ltr'>operae</span> <span class='ocrx_word' id='word_1_213' title='bbox 991 1576 1171 1629; x_wconf 89' lang='lat' dir='ltr'><strong>pretium</strong></span> <span class='ocrx_word' id='word_1_214' title='bbox 1197 1574 1352 1626; x_wconf 86' lang='lat' dir='ltr'><strong>fuerit,</strong></span> <span class='ocrx_word' id='word_1_215' title='bbox 1385 1585 1474 1617; x_wconf 88' lang='lat' dir='ltr'><strong>tum</strong></span> <span class='ocrx_word' id='word_1_216' title='bbox 1505 1578 1590 1620; x_wconf 84' lang='lat' dir='ltr'><strong>istis</strong></span> <span class='ocrx_word' id='word_1_217' title='bbox 1621 1592 1641 1620; x_wconf 80' lang='lat' dir='ltr'>a</span> <span class='ocrx_word' id='word_1_218' title='bbox 1661 1580 1819 1624; x_wconf 83' lang='lat' dir='ltr'>Pericle</span> <span class='ocrx_word' id='word_1_219' title='bbox 1849 1593 1996 1623; x_wconf 80' lang='lat' dir='ltr'><strong>contra</strong></span> 
     </span>
     <span class='ocr_line' id='line_1_20' title="bbox 182 1643 1995 1702; baseline 0.001 -11"><span class='ocrx_word' id='word_1_220' title='bbox 182 1644 471 1691; x_wconf 73' lang='lat' dir='ltr'>sanfflffimum</span> <span class='ocrx_word' id='word_1_221' title='bbox 512 1643 740 1687; x_wconf 72' lang='lat' dir='ltr'><strong>consessum</strong></span> <span class='ocrx_word' id='word_1_222' title='bbox 778 1644 940 1686; x_wconf 64' lang='lat' dir='ltr'><strong>struens</strong></span> <span class='ocrx_word' id='word_1_223' title='bbox 973 1644 1130 1687; x_wconf 83' lang='lat' dir='ltr'><strong>infidiis</strong></span> <span class='ocrx_word' id='word_1_224' title='bbox 1157 1672 1170 1694; x_wconf 80' lang='lat'><strong>,</strong></span> <span class='ocrx_word' id='word_1_225' title='bbox 1225 1652 1314 1683; x_wconf 86' lang='lat' dir='ltr'><strong>tum</strong></span> <span class='ocrx_word' id='word_1_226' title='bbox 1363 1644 1537 1698; x_wconf 86' lang='lat' dir='ltr'><strong>reliquis</strong></span> <span class='ocrx_word' id='word_1_227' title='bbox 1581 1649 1740 1690; x_wconf 80' lang='lat' dir='ltr'><strong>artibus</strong></span> <span class='ocrx_word' id='word_1_228' title='bbox 1766 1679 1781 1700; x_wconf 88' lang='lat'><strong>,</strong></span> <span class='ocrx_word' id='word_1_229' title='bbox 1841 1650 1995 1702; x_wconf 86' lang='lat' dir='ltr'><strong>quibus</strong></span> 
     </span>
     <span class='ocr_line' id='line_1_21' title="bbox 179 1712 1995 1769; baseline 0 -10"><span class='ocrx_word' id='word_1_230' title='bbox 179 1716 337 1769; x_wconf 84' lang='lat' dir='ltr'><strong>Remp.</strong></span> <span class='ocrx_word' id='word_1_231' title='bbox 362 1727 412 1756; x_wconf 85' lang='lat' dir='ltr'>ex</span> <span class='ocrx_word' id='word_1_232' title='bbox 432 1713 603 1756; x_wconf 83' lang='lat' dir='ltr'><strong>arbitrio</strong></span> <span class='ocrx_word' id='word_1_233' title='bbox 625 1714 698 1756; x_wconf 91' lang='lat' dir='ltr'><strong>suo</strong></span> <span class='ocrx_word' id='word_1_234' title='bbox 716 1712 1075 1755; x_wconf 82' lang='lat' dir='ltr'><strong>administrandam</strong></span> <span class='ocrx_word' id='word_1_235' title='bbox 1092 1745 1105 1766; x_wconf 86' lang='lat'><strong>,</strong></span> <span class='ocrx_word' id='word_1_236' title='bbox 1127 1712 1525 1766; x_wconf 84' lang='lat' dir='ltr'><strong>conciliandumque</strong></span> <span class='ocrx_word' id='word_1_237' title='bbox 1546 1713 1619 1756; x_wconf 89' lang='lat' dir='ltr'><strong>fibi</strong></span> <span class='ocrx_word' id='word_1_238' title='bbox 1636 1714 1843 1768; x_wconf 81' lang='lat' dir='ltr'><strong>Populum</strong></span> <span class='ocrx_word' id='word_1_239' title='bbox 1862 1747 1875 1768; x_wconf 89' lang='lat'><strong>,</strong></span> <span class='ocrx_word' id='word_1_240' title='bbox 1898 1718 1995 1759; x_wconf 84' lang='lat' dir='ltr'><strong>usus</strong></span> 
     </span>
     <span class='ocr_line' id='line_1_22' title="bbox 181 1778 1999 1837; baseline 0.003 -15"><span class='ocrx_word' id='word_1_241' title='bbox 181 1785 268 1837; x_wconf 75' lang='lat' dir='ltr'><strong>est,</strong></span> <span class='ocrx_word' id='word_1_242' title='bbox 301 1782 405 1835; x_wconf 58' lang='lat'><strong>‚10:392</strong></span> <span class='ocrx_word' id='word_1_243' title='bbox 433 1784 489 1824; x_wconf 64' lang='grc' dir='ltr'><strong>τὴν</strong></span> <span class='ocrx_word' id='word_1_244' title='bbox 522 1784 616 1822; x_wconf 64' lang='grc' dir='ltr'><strong>αὖτέ</strong></span> <span class='ocrx_word' id='word_1_245' title='bbox 646 1784 746 1832; x_wconf 66' lang='grc' dir='ltr'><strong><em>φύσιν</em></strong></span> <span class='ocrx_word' id='word_1_246' title='bbox 775 1778 883 1823; x_wconf 56' lang='grc' dir='ltr'><strong>ἔκιε-οι</strong></span> <span class='ocrx_word' id='word_1_247' title='bbox 917 1779 1104 1832; x_wconf 51' lang='lat' dir='ltr'><strong>&amp;mannii</strong></span> <span class='ocrx_word' id='word_1_248' title='bbox 1127 1781 1239 1835; x_wconf 50' lang='lat' dir='ltr'><strong>gear,</strong></span> <span class='ocrx_word' id='word_1_249' title='bbox 1272 1782 1591 1833; x_wconf 71' lang='lat' dir='ltr'><strong>demonstrasse,</strong></span> <span class='ocrx_word' id='word_1_250' title='bbox 1624 1783 1725 1834; x_wconf 85' lang='lat' dir='ltr'><strong>quid</strong></span> <span class='ocrx_word' id='word_1_251' title='bbox 1745 1784 1786 1824; x_wconf 88' lang='lat' dir='ltr'><strong>in</strong></span> <span class='ocrx_word' id='word_1_252' title='bbox 1814 1784 1999 1827; x_wconf 82' lang='lat' dir='ltr'><strong>civitate</strong></span> 
     </span>
     <span class='ocr_line' id='line_1_23' title="bbox 179 1849 1995 1905; baseline 0.001 -10"><span class='ocrx_word' id='word_1_253' title='bbox 179 1853 311 1897; x_wconf 61' lang='lat' dir='ltr'><strong>libera</strong></span> <span class='ocrx_word' id='word_1_254' title='bbox 344 1849 467 1904; x_wconf 81' lang='lat' dir='ltr'><strong>posfit</strong></span> <span class='ocrx_word' id='word_1_255' title='bbox 501 1851 605 1903; x_wconf 88' lang='lat' dir='ltr'><strong>Vir,</strong></span> <span class='ocrx_word' id='word_1_256' title='bbox 635 1864 685 1893; x_wconf 86' lang='lat' dir='ltr'>ex</span> <span class='ocrx_word' id='word_1_257' title='bbox 714 1850 788 1893; x_wconf 87' lang='lat' dir='ltr'><strong>isto</strong></span> <span class='ocrx_word' id='word_1_258' title='bbox 820 1849 1038 1892; x_wconf 82' lang='lat' dir='ltr'><strong>hominum</strong></span> <span class='ocrx_word' id='word_1_259' title='bbox 1067 1864 1242 1904; x_wconf 79' lang='lat' dir='ltr'>genere,</span> <span class='ocrx_word' id='word_1_260' title='bbox 1275 1852 1430 1905; x_wconf 87' lang='lat' dir='ltr'><strong>quibus</strong></span> <span class='ocrx_word' id='word_1_261' title='bbox 1462 1852 1626 1894; x_wconf 87' lang='lat' dir='ltr'><strong>Natura</strong></span> <span class='ocrx_word' id='word_1_262' title='bbox 1647 1851 1815 1893; x_wconf 82' lang='lat' dir='ltr'><strong>eximias</strong></span> <span class='ocrx_word' id='word_1_263' title='bbox 1842 1853 1995 1896; x_wconf 81' lang='lat' dir='ltr'><strong>dediss&#39;e</strong></span> 
     </span>
     <span class='ocr_line' id='line_1_24' title="bbox 181 1918 1997 1975; baseline 0.002 -14"><span class='ocrx_word' id='word_1_264' title='bbox 181 1920 303 1962; x_wconf 85' lang='lat' dir='ltr'><strong>dotes</strong></span> <span class='ocrx_word' id='word_1_265' title='bbox 335 1918 529 1970; x_wconf 88' lang='lat' dir='ltr'><strong>videtur,</strong></span> <span class='ocrx_word' id='word_1_266' title='bbox 561 1930 608 1963; x_wconf 89' lang='lat' dir='ltr'><strong>ut</strong></span> <span class='ocrx_word' id='word_1_267' title='bbox 636 1919 738 1963; x_wconf 82' lang='lat' dir='ltr'><strong>vitia</strong></span> <span class='ocrx_word' id='word_1_268' title='bbox 771 1930 916 1960; x_wconf 87' lang='lat' dir='ltr'><strong>eorum</strong></span> <span class='ocrx_word' id='word_1_269' title='bbox 954 1920 1086 1973; x_wconf 83' lang='lat' dir='ltr'><strong>magis</strong></span> <span class='ocrx_word' id='word_1_270' title='bbox 1120 1920 1199 1963; x_wconf 89' lang='lat' dir='ltr'><strong>fint</strong></span> <span class='ocrx_word' id='word_1_271' title='bbox 1230 1922 1451 1973; x_wconf 83' lang='lat' dir='ltr'><strong>amabilia,</strong></span> <span class='ocrx_word' id='word_1_272' title='bbox 1481 1921 1550 1963; x_wconf 90' lang='lat' dir='ltr'><strong>sed</strong></span> <span class='ocrx_word' id='word_1_273' title='bbox 1584 1931 1758 1974; x_wconf 88' lang='lat' dir='ltr'><strong>propter</strong></span> <span class='ocrx_word' id='word_1_274' title='bbox 1783 1921 1997 1975; x_wconf 68' lang='lat' dir='ltr'><strong>adjunctas</strong></span> 
     </span>
     <span class='ocr_line' id='line_1_25' title="bbox 182 1987 1998 2043; baseline 0.001 -12"><span class='ocrx_word' id='word_1_275' title='bbox 182 1989 363 2031; x_wconf 86' lang='lat' dir='ltr'><strong>virtutes</strong></span> <span class='ocrx_word' id='word_1_276' title='bbox 396 1988 584 2030; x_wconf 88' lang='lat' dir='ltr'><strong>humano</strong></span> <span class='ocrx_word' id='word_1_277' title='bbox 625 1987 765 2041; x_wconf 87' lang='lat' dir='ltr'>generi</span> <span class='ocrx_word' id='word_1_278' title='bbox 805 1992 937 2041; x_wconf 84' lang='lat' dir='ltr'><strong>magis</strong></span> <span class='ocrx_word' id='word_1_279' title='bbox 972 1990 1094 2031; x_wconf 86' lang='lat' dir='ltr'><strong>etiarn</strong></span> <span class='ocrx_word' id='word_1_280' title='bbox 1133 1989 1365 2042; x_wconf 79' lang='lat' dir='ltr'><strong>perniciosa</strong></span> <span class='ocrx_word' id='word_1_281' title='bbox 1401 1999 1526 2042; x_wconf 84' lang='lat' dir='ltr'><strong>atque</strong></span> <span class='ocrx_word' id='word_1_282' title='bbox 1568 1989 1808 2042; x_wconf 84' lang='lat' dir='ltr'><strong>mortifera,</strong></span> <span class='ocrx_word' id='word_1_283' title='bbox 1849 2000 1998 2043; x_wconf 87' lang='lat' dir='ltr'>utpote</span> 
     </span>
     <span class='ocr_line' id='line_1_26' title="bbox 184 2055 1998 2112; baseline 0.001 -12"><span class='ocrx_word' id='word_1_284' title='bbox 184 2070 293 2112; x_wconf 86' lang='lat' dir='ltr'>quae</span> <span class='ocrx_word' id='word_1_285' title='bbox 324 2055 551 2099; x_wconf 86' lang='lat' dir='ltr'>dulcedine</span> <span class='ocrx_word' id='word_1_286' title='bbox 585 2056 763 2107; x_wconf 84' lang='lat' dir='ltr'><strong>quadam</strong></span> <span class='ocrx_word' id='word_1_287' title='bbox 798 2056 869 2098; x_wconf 66' lang='lat' dir='ltr'><strong>suri</strong></span> <span class='ocrx_word' id='word_1_288' title='bbox 898 2058 1159 2101; x_wconf 87' lang='lat' dir='ltr'><strong>multitudini</strong></span> <span class='ocrx_word' id='word_1_289' title='bbox 1188 2059 1433 2112; x_wconf 88' lang='lat' dir='ltr'><strong>plerumque</strong></span> <span class='ocrx_word' id='word_1_290' title='bbox 1464 2059 1759 2112; x_wconf 76' lang='lat' dir='ltr'><strong>blandiantur3</strong></span> <span class='ocrx_word' id='word_1_291' title='bbox 1792 2061 1842 2102; x_wconf 89' lang='lat' dir='ltr'><strong>ab</strong></span> <span class='ocrx_word' id='word_1_292' title='bbox 1871 2062 1998 2103; x_wconf 64' lang='lat' dir='ltr'><strong>alter-52</strong></span> 
     </span>
     <span class='ocr_line' id='line_1_27' title="bbox 185 2124 1998 2180; baseline 0.001 -10"><span class='ocrx_word' id='word_1_293' title='bbox 185 2139 289 2171; x_wconf 82' lang='lat' dir='ltr'><strong>vero</strong></span> <span class='ocrx_word' id='word_1_294' title='bbox 325 2134 442 2180; x_wconf 86' lang='lat' dir='ltr'><strong>parte</strong></span> <span class='ocrx_word' id='word_1_295' title='bbox 478 2124 520 2166; x_wconf 89' lang='lat' dir='ltr'><strong>in</strong></span> <span class='ocrx_word' id='word_1_296' title='bbox 554 2124 751 2178; x_wconf 79' lang='lat' dir='ltr'><strong>Ephialte</strong></span> <span class='ocrx_word' id='word_1_297' title='bbox 785 2124 1031 2178; x_wconf 85' lang='lat' dir='ltr'><strong>ostendere,</strong></span> <span class='ocrx_word' id='word_1_298' title='bbox 1084 2126 1179 2178; x_wconf 85' lang='lat' dir='ltr'><strong>quis</strong></span> <span class='ocrx_word' id='word_1_299' title='bbox 1216 2127 1438 2180; x_wconf 77' lang='lat' dir='ltr'><strong>qualisque</strong></span> <span class='ocrx_word' id='word_1_300' title='bbox 1479 2125 1528 2167; x_wconf 89' lang='lat' dir='ltr'><strong>fit</strong></span> <span class='ocrx_word' id='word_1_301' title='bbox 1559 2126 1690 2178; x_wconf 83' lang='lat' dir='ltr'><strong>civis,</strong></span> <span class='ocrx_word' id='word_1_302' title='bbox 1732 2127 1893 2170; x_wconf 77' lang='lat' dir='ltr'><strong>Patriae</strong></span> <span class='ocrx_word' id='word_1_303' title='bbox 1927 2130 1998 2172; x_wconf 84' lang='lat' dir='ltr'><strong>ille</strong></span> 
     </span>
     <span class='ocr_line' id='line_1_28' title="bbox 188 2191 2004 2252; baseline 0.001 -13"><span class='ocrx_word' id='word_1_304' title='bbox 188 2196 357 2252; x_wconf 82' lang='lat' dir='ltr'><strong>quidem</strong></span> <span class='ocrx_word' id='word_1_305' title='bbox 391 2205 565 2245; x_wconf 84' lang='lat' dir='ltr'><strong>amans,</strong></span> <span class='ocrx_word' id='word_1_306' title='bbox 608 2191 751 2233; x_wconf 82' lang='lat' dir='ltr'><strong>salutis</strong></span> <span class='ocrx_word' id='word_1_307' title='bbox 788 2194 984 2247; x_wconf 84' lang='lat' dir='ltr'><strong>publicae</strong></span> <span class='ocrx_word' id='word_1_308' title='bbox 1020 2194 1254 2247; x_wconf 85' lang='lat' dir='ltr'><strong>studiosus,</strong></span> <span class='ocrx_word' id='word_1_309' title='bbox 1300 2196 1410 2237; x_wconf 84' lang='lat' dir='ltr'><strong>vitae</strong></span> <span class='ocrx_word' id='word_1_310' title='bbox 1440 2195 1628 2246; x_wconf 79' lang='lat' dir='ltr'><strong>integer,</strong></span> <span class='ocrx_word' id='word_1_311' title='bbox 1674 2195 1908 2250; x_wconf 84' lang='lat' dir='ltr'><strong>abstinens,</strong></span> <span class='ocrx_word' id='word_1_312' title='bbox 1941 2199 2004 2241; x_wconf 84' lang='lat' dir='ltr'><strong>di-</strong></span> 
     </span>
     <span class='ocr_line' id='line_1_29' title="bbox 186 2261 2003 2317; baseline 0.001 -8"><span class='ocrx_word' id='word_1_313' title='bbox 186 2267 381 2310; x_wconf 86' lang='lat' dir='ltr'><strong>vitiarum</strong></span> <span class='ocrx_word' id='word_1_314' title='bbox 412 2271 675 2314; x_wconf 82' lang='lat' dir='ltr'><strong>contemtor,</strong></span> <span class='ocrx_word' id='word_1_315' title='bbox 705 2261 773 2303; x_wconf 89' lang='lat' dir='ltr'><strong>sed</strong></span> <span class='ocrx_word' id='word_1_316' title='bbox 803 2262 912 2303; x_wconf 85' lang='lat' dir='ltr'><strong>idem</strong></span> <span class='ocrx_word' id='word_1_317' title='bbox 945 2274 1090 2314; x_wconf 83' lang='lat' dir='ltr'><strong>parum</strong></span> <span class='ocrx_word' id='word_1_318' title='bbox 1113 2273 1290 2315; x_wconf 85' lang='lat' dir='ltr'><strong>acutus,</strong></span> <span class='ocrx_word' id='word_1_319' title='bbox 1321 2264 1363 2305; x_wconf 88' lang='lat' dir='ltr'><strong>in</strong></span> <span class='ocrx_word' id='word_1_320' title='bbox 1389 2262 1569 2306; x_wconf 82' lang='lat' dir='ltr'><strong>consiliis</strong></span> <span class='ocrx_word' id='word_1_321' title='bbox 1594 2275 1823 2317; x_wconf 88' lang='lat' dir='ltr'><strong>praeceps,</strong></span> <span class='ocrx_word' id='word_1_322' title='bbox 1853 2266 2003 2311; x_wconf 85' lang='lat' dir='ltr'><strong>immo-</strong></span> 
     </span>
     <span class='ocr_line' id='line_1_30' title="bbox 190 2330 2005 2386; baseline 0.002 -10"><span class='ocrx_word' id='word_1_323' title='bbox 190 2335 308 2376; x_wconf 86' lang='lat' dir='ltr'><strong>dicae</strong></span> <span class='ocrx_word' id='word_1_324' title='bbox 337 2331 542 2374; x_wconf 74' lang='lat' dir='ltr'><strong>libertatis</strong></span> <span class='ocrx_word' id='word_1_325' title='bbox 569 2331 610 2373; x_wconf 88' lang='lat' dir='ltr'><strong>in</strong></span> <span class='ocrx_word' id='word_1_326' title='bbox 645 2331 817 2373; x_wconf 83' lang='lat' dir='ltr'><strong>civitate</strong></span> <span class='ocrx_word' id='word_1_327' title='bbox 851 2330 1023 2381; x_wconf 82' lang='lat' dir='ltr'><strong>fautor,</strong></span> <span class='ocrx_word' id='word_1_328' title='bbox 1054 2330 1318 2386; x_wconf 82' lang='lat' dir='ltr'><strong>aliorumque</strong></span> <span class='ocrx_word' id='word_1_329' title='bbox 1350 2332 1609 2374; x_wconf 86' lang='lat' dir='ltr'><strong>callidiorum</strong></span> <span class='ocrx_word' id='word_1_330' title='bbox 1636 2345 1787 2385; x_wconf 85' lang='lat' dir='ltr'><strong>pravae</strong></span> <span class='ocrx_word' id='word_1_331' title='bbox 1812 2338 2005 2380; x_wconf 83' lang='lat' dir='ltr'><strong>ambitio-</strong></span> 
     </span>
     <span class='ocr_line' id='line_1_31' title="bbox 191 2397 2004 2462; baseline 0.004 -20"><span class='ocrx_word' id='word_1_332' title='bbox 191 2402 266 2454; x_wconf 90' lang='lat' dir='ltr'><strong>ni,</strong></span> <span class='ocrx_word' id='word_1_333' title='bbox 298 2397 459 2452; x_wconf 60' lang='lat' dir='ltr'><strong>optima</strong></span> <span class='ocrx_word' id='word_1_334' title='bbox 498 2399 688 2450; x_wconf 82' lang='lat' dir='ltr'><strong>quamvis</strong></span> <span class='ocrx_word' id='word_1_335' title='bbox 723 2401 833 2452; x_wconf 85' lang='lat' dir='ltr'><strong>fide,</strong></span> <span class='ocrx_word' id='word_1_336' title='bbox 864 2399 1062 2441; x_wconf 78' lang='lat' dir='ltr'><strong>servienS.</strong></span> <span class='ocrx_word' id='word_1_337' title='bbox 1093 2421 1149 2429; x_wconf 91' lang='lat'><em>-</em></span> <span class='ocrx_word' id='word_1_338' title='bbox 1196 2400 1408 2453; x_wconf 86' lang='lat' dir='ltr'><strong>Equidem</strong></span> <span class='ocrx_word' id='word_1_339' title='bbox 1440 2400 1578 2442; x_wconf 83' lang='lat' dir='ltr'><strong>mirari</strong></span> <span class='ocrx_word' id='word_1_340' title='bbox 1599 2400 1839 2453; x_wconf 88' lang='lat' dir='ltr'><strong>frequenter</strong></span> <span class='ocrx_word' id='word_1_341' title='bbox 1862 2406 2004 2462; x_wconf 86' lang='lat' dir='ltr'><strong>soleo,</strong></span> 
     </span>
     <span class='ocr_line' id='line_1_32' title="bbox 193 2467 2005 2523; baseline 0.006 -15"><span class='ocrx_word' id='word_1_342' title='bbox 193 2469 296 2523; x_wconf 88' lang='lat' dir='ltr'><strong>quid</strong></span> <span class='ocrx_word' id='word_1_343' title='bbox 323 2467 544 2521; x_wconf 85' lang='lat' dir='ltr'><strong>splendida</strong></span> <span class='ocrx_word' id='word_1_344' title='bbox 575 2468 739 2511; x_wconf 79' lang='lat' dir='ltr'><strong>valeant</strong></span> <span class='ocrx_word' id='word_1_345' title='bbox 763 2471 893 2522; x_wconf 69' lang='lat' dir='ltr'><strong>vitia,</strong></span> <span class='ocrx_word' id='word_1_346' title='bbox 926 2468 1057 2521; x_wconf 82' lang='lat' dir='ltr'><strong>quid,</strong></span> <span class='ocrx_word' id='word_1_347' title='bbox 1086 2483 1177 2512; x_wconf 82' lang='lat' dir='ltr'><strong>cum</strong></span> <span class='ocrx_word' id='word_1_348' title='bbox 1207 2469 1529 2523; x_wconf 78' lang='lat' dir='ltr'><strong>fimdamentum</strong></span> <span class='ocrx_word' id='word_1_349' title='bbox 1552 2478 1779 2522; x_wconf 75' lang='lat' dir='ltr'><strong>perpetuae</strong></span> <span class='ocrx_word' id='word_1_350' title='bbox 1807 2487 2005 2519; x_wconf 84' lang='lat' dir='ltr'><strong>commen-</strong></span> 
     </span>
     <span class='ocr_line' id='line_1_33' title="bbox 192 2535 2005 2602; baseline 0.006 -25"><span class='ocrx_word' id='word_1_351' title='bbox 192 2538 374 2582; x_wconf 74' lang='lat' dir='ltr'><strong>dationis</strong></span> <span class='ocrx_word' id='word_1_352' title='bbox 410 2536 466 2588; x_wconf 77' lang='lat'><em>&amp;</em></span> <span class='ocrx_word' id='word_1_353' title='bbox 485 2535 629 2590; x_wconf 71' lang='lat' dir='ltr'><strong>famae</strong></span> <span class='ocrx_word' id='word_1_354' title='bbox 657 2535 712 2589; x_wconf 81' lang='lat' dir='ltr'><strong>fit</strong></span> <span class='ocrx_word' id='word_1_355' title='bbox 733 2537 905 2591; x_wconf 80' lang='lat' dir='ltr'><strong>justitia</strong></span> <span class='ocrx_word' id='word_1_356' title='bbox 934 2536 1183 2590; x_wconf 58' lang='lat' dir='ltr'>&lt;Tuum</span> <span class='ocrx_word' id='word_1_357' title='bbox 1207 2539 1348 2581; x_wconf 88' lang='lat' dir='ltr'><strong>verbis</strong></span> <span class='ocrx_word' id='word_1_358' title='bbox 1382 2538 1515 2591; x_wconf 85' lang='lat' dir='ltr'><strong>utor)</strong></span> <span class='ocrx_word' id='word_1_359' title='bbox 1539 2537 1627 2592; x_wconf 76' lang='lat' dir='ltr'><strong>sine</strong></span> <span class='ocrx_word' id='word_1_360' title='bbox 1652 2541 1737 2594; x_wconf 67' lang='lat' dir='ltr'><strong>qua*</strong></span> <span class='ocrx_word' id='word_1_361' title='bbox 1755 2542 2005 2602; x_wconf 72' lang='lat' dir='ltr'><strong>nihilpotest</strong></span> 
     </span>
     <span class='ocr_line' id='line_1_34' title="bbox 193 2604 2003 2669; baseline 0.004 -19"><span class='ocrx_word' id='word_1_362' title='bbox 193 2608 265 2663; x_wconf 80' lang='lat' dir='ltr'><strong>effe</strong></span> <span class='ocrx_word' id='word_1_363' title='bbox 292 2606 531 2656; x_wconf 80' lang='lat' dir='ltr'><strong>laudabile,</strong></span> <span class='ocrx_word' id='word_1_364' title='bbox 561 2627 619 2636; x_wconf 85' lang='lat'><strong>—-</strong></span> <span class='ocrx_word' id='word_1_365' title='bbox 648 2604 750 2657; x_wconf 91' lang='lat' dir='ltr'><strong>quid</strong></span> <span class='ocrx_word' id='word_1_366' title='bbox 775 2614 910 2648; x_wconf 86' lang='lat' dir='ltr'><strong>tamen</strong></span> <span class='ocrx_word' id='word_1_367' title='bbox 943 2607 1078 2649; x_wconf 82' lang='lat' dir='ltr'><strong>valeat</strong></span> <span class='ocrx_word' id='word_1_368' title='bbox 1109 2608 1213 2649; x_wconf 85' lang='lat' dir='ltr'><strong>male</strong></span> <span class='ocrx_word' id='word_1_369' title='bbox 1241 2606 1426 2649; x_wconf 64' lang='lat' dir='ltr'><strong>colleftae</strong></span> <span class='ocrx_word' id='word_1_370' title='bbox 1452 2605 1569 2659; x_wconf 79' lang='lat' dir='ltr'><strong>saepe</strong></span> <span class='ocrx_word' id='word_1_371' title='bbox 1584 2605 1728 2659; x_wconf 74' lang='lat' dir='ltr'><em>famae</em></span> <span class='ocrx_word' id='word_1_372' title='bbox 1751 2612 2003 2669; x_wconf 63' lang='lat' dir='ltr'><strong>auctoritas,</strong></span> 
     </span>
     <span class='ocr_line' id='line_1_35' title="bbox 194 2675 2001 2730; baseline 0.003 -11"><span class='ocrx_word' id='word_1_373' title='bbox 194 2689 282 2719; x_wconf 88' lang='lat' dir='ltr'><strong>non</strong></span> <span class='ocrx_word' id='word_1_374' title='bbox 317 2677 404 2729; x_wconf 91' lang='lat' dir='ltr'><strong>ipso</strong></span> <span class='ocrx_word' id='word_1_375' title='bbox 439 2684 603 2718; x_wconf 85' lang='lat' dir='ltr'><strong>tanturn</strong></span> <span class='ocrx_word' id='word_1_376' title='bbox 637 2687 722 2726; x_wconf 85' lang='lat' dir='ltr'><strong>quo</strong></span> <span class='ocrx_word' id='word_1_377' title='bbox 757 2683 952 2726; x_wconf 88' lang='lat' dir='ltr'><strong>potentes</strong></span> <span class='ocrx_word' id='word_1_378' title='bbox 977 2676 1036 2718; x_wconf 89' lang='lat' dir='ltr'><strong>illi</strong></span> <span class='ocrx_word' id='word_1_379' title='bbox 1063 2676 1296 2719; x_wconf 86' lang='lat' dir='ltr'><strong>floruerunt</strong></span> <span class='ocrx_word' id='word_1_380' title='bbox 1318 2675 1510 2727; x_wconf 82' lang='lat' dir='ltr'><strong>saeculo,</strong></span> <span class='ocrx_word' id='word_1_381' title='bbox 1542 2675 1610 2717; x_wconf 89' lang='lat' dir='ltr'><strong>sed</strong></span> <span class='ocrx_word' id='word_1_382' title='bbox 1633 2678 1856 2730; x_wconf 87' lang='lat' dir='ltr'><strong>aliquando</strong></span> <span class='ocrx_word' id='word_1_383' title='bbox 1879 2683 2001 2725; x_wconf 80' lang='lat' dir='ltr'><strong>etiam</strong></span> 
     </span>
     <span class='ocr_line' id='line_1_36' title="bbox 196 2742 2002 2798; baseline 0.004 -12"><span class='ocrx_word' id='word_1_384' title='bbox 196 2744 308 2798; x_wconf 76' lang='lat' dir='ltr'><strong>apud</strong></span> <span class='ocrx_word' id='word_1_385' title='bbox 343 2745 538 2786; x_wconf 89' lang='lat' dir='ltr'><strong>credulos</strong></span> <span class='ocrx_word' id='word_1_386' title='bbox 571 2742 744 2784; x_wconf 84' lang='lat' dir='ltr'><strong>nimium</strong></span> <span class='ocrx_word' id='word_1_387' title='bbox 780 2743 984 2794; x_wconf 85' lang='lat' dir='ltr'><strong>posteros.</strong></span> <span class='ocrx_word' id='word_1_388' title='bbox 1016 2768 1071 2778; x_wconf 94' lang='lat'><strong>—</strong></span> <span class='ocrx_word' id='word_1_389' title='bbox 1099 2743 1265 2786; x_wconf 86' lang='lat' dir='ltr'><strong>Praeter</strong></span> <span class='ocrx_word' id='word_1_390' title='bbox 1302 2745 1437 2798; x_wconf 80' lang='lat' dir='ltr'><strong>aliOS,</strong></span> <span class='ocrx_word' id='word_1_391' title='bbox 1468 2745 1619 2798; x_wconf 86' lang='lat' dir='ltr'><strong>scripta</strong></span> <span class='ocrx_word' id='word_1_392' title='bbox 1642 2748 1769 2789; x_wconf 85' lang='lat' dir='ltr'><strong>miror</strong></span> <span class='ocrx_word' id='word_1_393' title='bbox 1799 2761 1820 2790; x_wconf 88' lang='lat' dir='ltr'>a</span> <span class='ocrx_word' id='word_1_394' title='bbox 1842 2747 2002 2794; x_wconf 87' lang='lat' dir='ltr'><strong>summo</strong></span> 
     </span>
     <span class='ocr_line' id='line_1_37' title="bbox 194 2809 2003 2872; baseline 0.003 -17"><span class='ocrx_word' id='word_1_395' title='bbox 194 2813 672 2855; x_wconf 74' lang='lat' dir='ltr'><strong>VALCKENAERIO</strong></span> <span class='ocrx_word' id='word_1_396' title='bbox 693 2809 832 2855; x_wconf 82' lang='lat' dir='ltr'><strong>Diatr.</strong></span> <span class='ocrx_word' id='word_1_397' title='bbox 862 2810 1012 2865; x_wconf 87' lang='lat' dir='ltr'><strong>Eurip.</strong></span> <span class='ocrx_word' id='word_1_398' title='bbox 1027 2811 1136 2867; x_wconf 87' lang='lat' dir='ltr'><strong>Cap.</strong></span> <span class='ocrx_word' id='word_1_399' title='bbox 1152 2813 1307 2857; x_wconf 84' lang='lat' dir='ltr'><strong>XXIII.</strong></span> <span class='ocrx_word' id='word_1_400' title='bbox 1339 2827 1436 2871; x_wconf 80' lang='lat' dir='ltr'><strong>pag.</strong></span> <span class='ocrx_word' id='word_1_401' title='bbox 1454 2824 1550 2868; x_wconf 81' lang='lat'><strong>252.</strong></span> <span class='ocrx_word' id='word_1_402' title='bbox 1574 2828 1616 2858; x_wconf 85' lang='lat' dir='ltr'><strong>B.</strong></span> <span class='ocrx_word' id='word_1_403' title='bbox 1648 2828 1744 2872; x_wconf 83' lang='lat'><strong>253.</strong></span> <span class='ocrx_word' id='word_1_404' title='bbox 1765 2830 1812 2860; x_wconf 78' lang='lat' dir='ltr'><strong>A.</strong></span> <span class='ocrx_word' id='word_1_405' title='bbox 1837 2828 1931 2870; x_wconf 78' lang='lat'><strong>254.</strong></span> <span class='ocrx_word' id='word_1_406' title='bbox 1954 2832 2003 2861; x_wconf 82' lang='lat' dir='ltr'><strong>A.</strong></span> 
     </span>
    </p>
   </div>
   <div class='ocr_carea' id='block_1_5' title="bbox 1920 2888 2004 2933">
    <p class='ocr_par' dir='ltr' id='par_1_5' title="bbox 1920 2888 2004 2933">
     <span class='ocr_line' id='line_1_38' title="bbox 1920 2888 2004 2933; baseline 0.036 -3"><span class='ocrx_word' id='word_1_407' title='bbox 1920 2888 2004 2933; x_wconf 79' lang='lat' dir='ltr'><strong>&amp;c-</strong></span> 
     </span>
    </p>
   </div>
  </div>
 </body>
</html>
