2211 3228
195 205 247 257 5⁸
611 190 1583 260 PXROBATIONES

202 329 357 383 quibus
386 332 583 369 mutatam
616 322 742 373 Reip.
777 318 955 362 formam
985 317 1130 362 debuit
1162 316 1324 360 Civitas
1354 319 1527 373 Attica,
1559 320 1600 364 &
1620 334 1714 365 cum
1740 332 1898 372 mutata
1921 331 2010 376 for·

203 401 272 441 ma
300 405 497 440 mutatam
530 403 699 443 quoque
733 388 980 443 fortunam,
1011 387 1202 443 perditos
1237 400 1404 440 mores,
1437 388 1620 432 omissam
1649 391 1790 436 salutis
1814 398 2010 448 publicae

204 479 372 516 curam,
413 461 549 505 eversa
578 461 746 503 Parrum
771 457 982 510 instituta,
1021 456 1197 511 spretam
1230 454 1445 510 MaJ‘orum
1477 457 1765 513 disciplinam,
1808 471 1935 516 atque
1960 479 2010 511 ex

199 536 391 578 libertate
420 529 587 572 modica
623 530 800 582 primum
825 557 842 579 ,
882 525 1158 568 immoderata
1190 523 1420 579 deinceps,
1461 537 1595 571 ortam
1635 531 1845 584 postremo
1885 533 2014 576 licen.

199 605 297 646 tiam
339 599 602 642 effraenatam
624 628 639 649 ,
681 611 703 639 e
736 596 905 638 licentia
935 595 1115 647 denique
1151 605 1399 649 prognatam
1434 594 1719 650 Tyrannidem
1743 600 1785 643 ἃ
1807 602 2015 645 universo-

197 682 289 712 rum
319 668 584 710 servitutem:
633 666 802 721 Quibus
834 661 979 705 cauffis
1012 663 1152 715 plures
1188 665 1338 706 addere
1373 665 1620 718 potuissem,
1660 667 1843 710 secundo
1868 671 2013 713 ordine

200 736 497 788 collocandas,
520 738 767 779 concionem
782 731 991 787 &judicia
1012 731 1125 783 plebi
1144 732 1183 773 in
1208 732 1380 783 quaestu
1393 733 1524 786 polita
1541 747 1554 786 ς
1571 735 1748 776 violatas
1767 766 1780 786 ,
1801 748 1897 778 mox
1913 750 2015 779 con.

201 805 416 850 suetudine
437 806 659 858 abrogatas
675 835 688 855 ,
713 816 817 856 quas
839 811 985 844 contra
1001 801 1186 843 novandi
1201 801 1414 843 libidinem
1429 801 1469 843 δε
1491 802 1831 856 Demagogorum
1849 803 2014 848 furores

202 878 354 919 tulerat
385 873 547 924 Solon,
587 873 701 924 leges
732 867 1053 920 saluberrimas,
1084 869 1311 921 neglec‘tam
1345 869 1575 923 majoribus
1609 882 1709 914 natu
1740 873 1920 915 debitam
1951 885 2014 913 re-

201 944 429 989 verentiam
445 973 459 994 ‚
490 942 700 992 aliasque:
732 938 815 980 Sed
833 967 847 988 ,
879 936 995 987 quod
1020 937 1234 978 Orationis
1256 949 1369 978 meae
1391 939 1567 989 πάρεςγω
1589 937 1672 990 est,
1693 949 1890 992 tanquam
1911 938 2013 992 ἕςγω

199 1028 286 1057 non
321 1021 408 1054 erat
427 1008 706 1052 trat‘tandum.
765 1005 812 1046 Id
835 1003 916 1045 alio
938 1003 1115 1045 fortassis
1142 1013 1358 1056 tempore,
1392 1006 1473 1046 alio
1494 1003 1665 1046 forsitan
1693 1017 1865 1058 agemus
1888 1007 2014 1047 loco:

199 1087 340 1135 Nam,
372 1092 502 1134 quum
535 1077 657 1119 studii
688 1075 725 1116 δι
766 1085 917 1123 curae,
949 1083 1055 1123 quae
1092 1073 1409 1125 cognoscendae
1445 1073 1704 1126 Antiquitati
1731 1073 2017 1126 impenditur,

205 1154 321 1196 hunc
353 1149 512 1201 semper
538 1144 721 1187 frudium
747 1140 999 1196 potissimum
1032 1138 1110 1180 eise
1135 1141 1438 1194 judicaverim,
1469 1152 1516 1184 ut
1540 1141 1856 1196 praeteritarum
1880 1154 2019 1184 rerum

206 1219 436 1268 memoria,
473 1213 751 1268 experientiae
781 1211 874 1253 vice
907 1209 1077 1260 funeta,
1118 1208 1254 1250 nostra
1287 1210 1337 1251 de
1367 1211 1493 1252 rebus
1525 1209 1813 1264 praesentibus
1842 1208 2019 1252 futuris-

206 1302 288 1343 que
321 1284 477 1341 judicia
511 1284 690 1325 certiora
724 1281 870 1324 reddat
901 1291 950 1320 ac
979 1278 1171 1330 veriora,
1211 1278 1513 1320 institutionem
1550 1290 1682 1320 meam
1717 1277 1759 1319 in
1789 1277 2019 1320 Academia

207 1358 365 1403 Batava
390 1356 445 1397 ita
469 1352 818 1400 informaveram,
849 1357 923 1398 ut,
955 1346 1053 1387 dum
1076 1347 1256 1400 ingenua
1282 1348 1605 1390 adolescentium
1633 1347 1800 1400 pectora
1826 1347 1878 1388 ad
1903 1360 2021 1389 amo-

206 1439 295 1470 rem
318 1425 554 1467 Literarum
587 1420 846 1461 Graecarum
880 1417 1175 1458 inflammarem
1194 1447 1208 1468 ,
1238 1417 1365 1468 illos,
1397 1418 1544 1470 (quod
1571 1417 1622 1458 ab
1652 1414 1845 1467 auspiciis
1872 1428 2020 1459 mune-

210 1495 269 1538 ris
299 1493 405 1544 mei,
446 1488 743 1544 plaudentibus
777 1486 901 1528 bonis
932 1484 1152 1528 omnibus,
1196 1485 1238 1525 in
1269 1498 1334 1526 me
1369 1482 1662 1536 susceperam)
1702 1505 1753 1517 -—
1794 1484 1916 1535 illos,
1959 1484 2023 1525 in-

210 1574 368 1618 quam,
411 1557 622 1600 redderem
663 1568 743 1596 mm
773 1563 937 1595 tantum
978 1553 1197 1605 dofflores,
1231 1553 1309 1607 secl
1341 1551 1396 1603 ξε]
1428 1552 1640 1601 meliores,
1697 1551 1812 1593 Cives
1840 1553 2021 1594 Patriae

210 1631 490 1678 amantiores,
536 1625 749 1678 Majorum
780 1623 957 1676 denique
991 1622 1214 1677 nostrorum
1240 1620 1467 1675 simillimos
1489 1632 1504 1659 .-
1549 1618 1692 1672 Atque
1719 1617 1852 1662 isthoc
1881 1621 2021 1662 animo

210 1713 318 1745 RES
349 1704 612 1740 ATT1CAs
658 1690 870 1743 discipulis
902 1692 1005 1734 meis
1043 1692 1281 1733 accuratius
1325 1686 1489 1727 tradere
1530 1686 1842 1729 consueveram.
1924 1689 2023 1732 Hoc

208 1781 312 1814 vero
345 1763 514 1819 quando
545 1773 619 1814 per
647 1769 863 1812 tempora,
898 1773 1003 1812 quae
1033 1760 1243 1810 vivimus,
1273 1755 1454 1809 amplius
1478 1754 1579 1796 mihi
1600 1767 1686 1796 non
1706 1756 1762 1797 est
1783 1757 2022 1812 integrum,

195 1835 436 1886 ''constitui‚
468 1842 627 1887 partem
664 1828 766 1881 otii,
799 1841 885 1881 quo
917 1829 958 1871 in
987 1829 1199 1883 posterum
1232 1826 1376 1877 fruar,
1405 1825 1448 1865 in
1484 1836 1535 1866 eo
1556 1824 1790 1876 collocare,
1822 1834 1869 1867 ut
1892 1836 2023 1869 LEC-

210 1917 443 1953 TIONUM
483 1909 844 1943 ATTICARUM
888 1897 1035 1939 Libris
1072 1896 1308 1945 nonnulla,
1360 1905 1465 1946 quae
1506 1892 1557 1934 de
1589 1892 1700 1946 Rep.
1743 1893 2020 1948 Atheniensi,

212 1979 296 2021 five
329 1976 381 2016 ad
412 1972 589 2015 formam
623 1966 751 2019 Reip.
788 1966 961 2020 ejusque
995 1964 1250 2007 mutationes
1272 1963 1638 2014 mutationumque
1664 1962 1820 2004 caussas
1840 1963 2024 2016 specstan-

213 2046 301 2095 tia,
330 2041 413 2084 sive
445 2039 496 2080 ad
529 2036 831 2089 Magistratus,
868 2032 1061 2088 Judicia,
1093 2033 1133 2074 δε
1169 2031 1444 2082 Tribuualia,
1476 2039 1548 2071 aut
1578 2041 1794 2081 perperam
1827 2031 1936 2073 tradi
1962 2032 2027 2074 so-

212 2117 331 2165 ient,
362 2118 434 2152 aut
467 2117 553 2148 non
588 2104 683 2145 satis
713 2102 807 2143 sunt
839 2103 1054 2143 enucleata
1077 2133 1091 2154 ,
1132 2102 1272 2154 aliqua
1305 2112 1398 2142 cum
1438 2099 1538 2140 cura
1572 2108 1793 2150 exponam.
1862 2097 2025 2150 Igitur,

211 2194 319 2238 quae
351 2177 404 2219 ad
437 2173 695 2229 probandam
729 2173 838 2213 hanc
871 2170 1072 2213 sermonis
1109 2171 1189 2212 mei
1228 2178 1387 2223 partem
1423 2169 1543 2222 plura
1582 2167 1622 2208 in
1657 2165 1838 2207 medium
1871 2163 2026 2206 adferri

212 2250 401 2308 possent,
432 2245 565 2287 sciens
597 2241 765 2283 omitto.
825 2239 1008 2282 Fundus
1036 2253 1181 2282 eorum
1215 2238 1272 2280 est
1297 2247 1385 2280 tum
1408 2237 1601 2290 egregius
1631 2235 1670 2277 ἃ
1694 2233 1881 2277 clafficus
1903 2235 2026 2277 locus

213 2322 625 2365 ARISTOTELIS
656 2309 783 2351 Polit.
814 2307 914 2350 Lib.
951 2309 1005 2351 11.
1040 2310 1149 2363 Cap.
1188 2324 1253 2351 10.
1286 2317 1374 2350 tum
1406 2303 1660 2347 admirabilis
1690 2301 1760 2344 illa
1790 2302 2024 2345 IsocuA-

218 2400 309 2431 Τις
342 2382 517 2429 Oratio,
559 2391 665 2432 quae
702 2378 857 2420 dicitur
891 2376 1226 2434 Areopagitica,
1268 2386 1356 2419 tota
1387 2372 1694 2429 propemodum
1727 2370 2023 2424 describenda,

217 2467 267 2499 ut
300 2451 459 2497 oculati
488 2449 600 2491 testis
623 2479 637 2500 ‚
685 2447 956 2502 ejusdemque
986 2446 1064 2488 viri
1087 2475 1101 2496 ,
1153 2445 1227 2497 qui
1254 2444 1497 2498 popularem
1529 2439 1655 2492 Reip.
1693 2439 1870 2481 formam
1901 2438 2024 2493 supra

217 2534 362 2567 omnes
391 2520 491 2561 alias
523 2518 718 2560 laudibus
749 2516 867 2559 effert
908 2514 948 2556 &
973 2512 1214 2566 praedicat,
1243 2533 1299 2542 —-
1341 2519 1389 2551 ut
1415 2509 1509 2551 talis
1538 2509 1618 2552 viri
1651 2509 1748 2563 ipsls
1779 2509 1918 2551 verbis
1954 2508 2025 2551 de-

220 2589 498 2638 monstretur,
531 2586 746 2639 quomodo
777 2584 1058 2632 ferocienteS‚
1097 2580 1191 2634 post
1219 2579 1405 2621 devietos
1432 2577 1605 2631 Persas,
1634 2576 1909 2620 Athenienses
1933 2579 2024 2620 lau-

221 2656 419 2700 datiffima
450 2654 620 2696 Solonis
642 2653 829 2695 instituta
848 2647 1188 2698 immutaverint,
1219 2659 1451 2700 omnesque
1472 2646 1705 2700 promiscue
1727 2646 1839 2688 cives
1862 2647 1913 2688 ad
1939 2647 2025 2689 sor·

219 2728 411 2771 titionem
445 2723 625 2765 summae
655 2722 698 2764 in
730 2722 842 2774 Rep.
883 2715 1100 2770 dignitatis
1139 2713 1410 2766 admiserint,
1450 2715 1507 2756 ita
1543 2723 1590 2756 ut
1624 2715 1914 2767 pauperrimus
1939 2717 2028 2771 jam

223 2797 403 2853 quisque
437 2805 459 2835 e
495 2789 664 2845 publica
698 2790 878 2844 pecunia
912 2799 998 2831 rem
1031 2783 1235 2838 privatam
1271 2783 1470 2830 stabiliret
1508 2792 1798 2839 augeretque,
1842 2784 1882 2828 δι
1914 2775 2021 2827 civi-

1962 2860 2027 2894 ta·
