2211 3228
549 220 694 279 DE
767 219 1267 277 SOCRATE
1343 222 1626 279 clvss.
1939 244 1974 297 ς

214 395 370 450 quam
410 383 501 449 qui
541 380 820 433 maritimis
857 378 1196 448 jactarentur.
1271 378 1429 432 Vixit
1463 380 1627 450 igitur
1666 380 1806 447 fibi,
1858 379 1963 434 stu·

213 495 316 548 diis
362 495 465 549 suis
505 507 665 564 atque
712 496 893 548 amicis
926 535 944 562 ,
987 495 1171 564 quiete
1202 532 1218 559 ,
1259 508 1424 562 pure,
1477 496 1708 550 suaviter
1742 514 1756 548 ε
1809 495 1962 550 Mul-

214 621 300 661 tos
349 607 631 661 beneficiis
669 606 912 673 adfecit3
950 609 1153 662 multos
1192 624 1280 673 re,
1322 624 1466 681 ope,
1509 610 1734 664 consilio
1776 608 1965 677 juvit;

213 737 392 791 neque
423 722 616 775 inutile
657 734 825 776 terrae
860 722 1075 792 pondus
1108 721 1312 777 exstitit
1341 764 1358 790 ,
1414 723 1567 792 cujus
1599 726 1713 779 vita
1750 742 1809 779 ac
1853 741 1968 778 mo-

215 851 298 889 res
329 849 434 889 tam
477 836 570 889 diu
597 836 953 891 laudabuntur
983 876 1000 903 ,
1059 853 1214 906 quam
1248 836 1469 891 florebit
1508 855 1618 892 non
1661 839 1969 891 intermori-

214 962 330 1005 tura
373 951 696 1019 Hortensii,
759 952 977 1020 Tullii,
1043 953 1279 1007 Caesaris
1310 993 1329 1021 ,
1384 954 1707 1024 quibuscum
1753 953 1979 1022 conjun-

216 1066 428 1121 cliffime
466 1067 606 1120 vixit
634 1107 651 1134 ,
709 1065 865 1122 fama.

287 1183 342 1236 Si
371 1195 552 1236 tamen
577 1184 710 1236 boni
735 1182 887 1238 Civis
912 1184 1090 1237 officio
1107 1184 1300 1237 melius
1325 1185 1648 1255 pleniusque
1680 1186 1724 1237 is
1753 1183 1968 1237 functus

215 1285 322 1351 esse
379 1298 704 1366 censeatur,
758 1300 896 1369 qui,
953 1315 1077 1352 cum
1139 1303 1504 1368 perturbatam
1565 1300 1722 1354 videt
1781 1301 1970 1354 civita-

216 1425 363 1481 tem,
420 1414 532 1467 sese
587 1415 842 1467 tumultui
882 1430 996 1468 non
1033 1414 1328 1480 subtrahit,
1384 1432 1443 1468 ac
1480 1416 1674 1484 procul
1711 1432 1739 1468 a
1776 1414 1970 1470 misera

213 1529 388 1583 Patria
440 1531 496 1581 in
542 1529 863 1598 longinquas
920 1528 1128 1582 secedit
1171 1540 1370 1594 terraS,
1422 1542 1485 1582 ut
1525 1529 1969 1598 tranquillitatem

213 1643 638 1714 dignitatemque
684 1641 828 1696 suam
870 1641 1083 1697 facilius
1136 1654 1388 1710 tueatur,
1445 1642 1540 1696 scd
1583 1655 1800 1712 contra,
1839 1642 1972 1697 forti

214 1775 274 1812 ac
316 1758 577 1813 constanti
620 1759 799 1813 animo
820 1798 837 1824 ‚
878 1758 935 1812 id
959 1775 1126 1812 unum
1155 1761 1296 1830 agit,
1337 1771 1398 1812 ut
1428 1760 1736 1814 exulantem
1767 1775 1797 1814 e
1829 1771 1972 1814 nata·

214 1876 252 1927 li
299 1874 416 1928 solo
456 1874 801 1929 concordiam
839 1877 1095 1944 monitis,
1137 1876 1480 1945 praeceptiS,
1522 1876 1572 1929 &
1603 1876 1855 1944 exemplo
1885 1890 1968 1928 re-

213 2004 412 2057 vocet,
453 1992 840 2060 Virtutemque
883 1991 1121 2045 Civilem
1167 2006 1289 2044 cum
1334 1990 1448 2060 ipso
1494 1992 1640 2045 vitae
1686 1993 1972 2061 periculO,

209 2108 421 2161 medios
465 2109 606 2160 inter
646 2110 840 2177 populi
882 2107 1123 2173 furores,
1163 2108 1471 2159 luculenter
1512 2106 1872 2170 demonstret,
1911 2135 1971 2146 -

210 2223 248 2276 s1
285 2223 516 2288 denique
556 2233 697 2274 aetas
738 2223 793 2273 in
833 2224 1110 2288 publicum
1139 2221 1486 2274 commodum
1523 2220 1779 2275 transacta
1808 2237 1962 2289 prae-

212 2336 308 2390 stat
360 2337 475 2389 otio
530 2337 765 2407 eleganti
824 2337 965 2389 inter
1020 2333 1342 2388 domesticos
1387 2336 1657 2403 parietesg,
1693 2364 1793 2374 --
1844 2348 1962 2390 tum

215 2466 363 2505 certe
394 2454 522 2506 Tito
550 2452 852 2521 Pomponio
881 2452 1068 2505 Attico
1101 2451 1198 2503 hac
1225 2450 1385 2503 etiam
1415 2451 1469 2502 in
1502 2463 1651 2519 parte
1681 2452 1840 2522 longe
1870 2469 1960 2506 an-

214 2569 559 2638 teponendus
599 2567 673 2620 est
714 2569 879 2633 alter,
919 2582 1080 2633 quem
1126 2566 1360 2617 Virtutis
1409 2565 1629 2634 quidem
1663 2582 1849 2621 comes
1880 2570 1959 2620 in-

218 2652 360 2736 vidia
405 2683 682 2736 calumniis
723 2682 938 2734 tandem
973 2682 1258 2750 oppressit,
1304 2680 1393 2734 sed
1423 2681 1543 2748 qui,
1587 2681 1713 2734 dum
1741 2684 1965 2736 merito-

218 2814 332 2853 rum
379 2799 434 2852 in
474 2799 640 2853 Cives
685 2810 843 2866 atque
885 2797 1107 2851 Patriam
1133 2797 1431 2864 praemium
1463 2795 1588 2849 tulit
1623 2798 1889 2864 cicutam,
1932 2814 1975 2861 a

1134 2916 1258 2979 Ag
1861 2927 1960 2966 no-
