2211 3228
665 263 1650 317 ETADNOTATIONES.
2001 285 2056 331 59

247 412 374 448 tatem
409 412 550 459 regere
583 399 829 457 judIcumve
866 400 1004 443 officio
1042 396 1162 450 fungi
1198 395 1249 438 ad
1281 396 1445 438 lucrum
1479 409 1526 440 ac
1559 398 1754 451 praedam
1792 411 2044 458 revocaret,

246 475 377 517 fracta
407 473 449 515 &
473 473 718 526 proculcata
751 472 931 514 Senatus
964 465 1254 519 Areopagitici
1287 466 1558 520 aucioritate‚
1589 469 1763 514 exclusis
1794 473 2047 525 repudians·

245 556 328 597 que
357 542 529 596 optimis
557 541 752 592 civibus,
785 549 833 580 ac
865 537 995 579 libera
1021 536 1200 589 denique
1226 534 1461 587 Republica
1490 536 1532 577 in
1564 535 1879 592 Tyrannidem‚
1911 552 2048 594 popu..

241 614 370 655 larem
399 610 609 665 primum,
641 608 936 660 oligarchicam
974 604 1198 657 deinceps,
1229 602 1444 646 conversa.
1485 628 1539 638 -
1580 604 1722 658 Quum
1756 607 2044 649 imminentem

239 680 401 721 ruinam
438 692 489 721 ex
519 677 714 731 populari
744 676 814 717 illa
841 673 1046 723 amentia,
1081 684 1163 723 qua
1198 673 1332 726 Resp.
1369 672 1560 725 quotidie
1590 673 1719 725 magis
1751 676 1968 728 magisque
2000 677 2045 719 in

239 759 442 800 praeceps
473 745 711 797 ferebatur,
764 743 931 786 civibus
970 740 1024 783 ob
1059 741 1210 782 oculos
1255 751 1430 795 poneret
1473 739 1710 792 IsocrateS‚
1750 743 2046 798 pristinamque

240 815 368 868 Reip.
399 813 578 855 formam
604 825 699 854 cum
730 809 933 864 praesenti
966 818 1229 861 compararet
1242 842 1253 859 .,
1298 811 1332 833 ‘⁶
1365 809 1437 862 qui
1471 806 1543 848 ista
1580 806 1779 856 majorum
1806 812 2040 858 nostrorum

243 911 280 934 ‚,
309 889 441 922 aetate
472 880 678 933 (inquit)
717 880 826 921 hane
853 877 1191 919 administrabant
1218 876 1536 933 Rempublicam
1553 907 1566 927 ‚
1593 876 1717 916 talem
1739 878 2042 924 constituerunt

241 980 277 1004 ‚‚
308 949 491 992 civitatis
517 949 695 992 formam
711 976 725 998 ,
757 960 863 1000 quae
886 960 972 989 non
1001 950 1164 990 nomine
1189 949 1365 990 maxime
1400 945 1592 1000 populari
1616 943 1656 985 δε
1677 944 1874 987 lenissimo
1899 950 2042 1002 appel·

238 1049 273 1072 ,‚
303 1019 483 1070 latetur,
513 1018 604 1073 ipsis
620 1028 717 1059 vero
733 1014 861 1068 fariis
889 1014 1056 1056 minime
1082 1015 1176 1057 talis
1206 1016 1415 1058 videretur
1442 1015 1521 1066 iis,
1555 1014 1709 1066 quibus
1731 1014 1830 1056 effer
1850 1029 1946 1058 cum
1974 1017 2043 1059 illa

240 1117 276 1141 9,
309 1086 554 1141 negotium3
585 1097 721 1136 neque
746 1085 802 1125 ita
831 1085 890 1126 1111
921 1084 1034 1127 cives
1070 1083 1353 1126 informabant
1379 1083 1506 1134 suos,
1535 1091 1582 1124 ut
1606 1083 1647 1123 in
1676 1080 1897 1124 effraenata
1917 1085 2048 1126 licen-

211 1210 214 1213 ·
242 1185 278 1209 a,
308 1156 365 1197 tia
398 1152 616 1197 consistere
646 1153 983 1205 Democratiam‚
1015 1153 1058 1194 in
1082 1161 1299 1194 contemtu
1321 1152 1458 1204 legum
1487 1151 1770 1202 Libertatem,
1801 1153 1842 1193 in
1873 1154 2046 1196 audacia

239 1253 276 1280 2,
308 1225 475 1278 quidvis
506 1222 673 1264 dicendi
708 1234 887 1274 aequum
921 1222 990 1274 ius
1024 1221 1207 1271 civium,
1239 1219 1281 1260 in
1304 1219 1464 1271 integr-51
1492 1220 1633 1261 talium
1661 1219 1894 1262 facinorum
1915 1222 2048 1265 {acul-

238 1325 273 1350 ‚‚
306 1303 391 1336 tate
419 1293 535 1335 fitam
566 1291 808 1334 felicitatem
838 1298 1055 1343 putarent:
1089 1288 1172 1330 Sed
1200 1289 1250 1330 iis
1276 1289 1380 1330 ratio
1410 1286 1536 1339 Reip.
1560 1296 1646 1328 erat
1669 1288 1902 1342 ejusmodi,
1935 1303 2041 1342 quae

238 1393 274 1417 „
304 1362 420 1404 istius
453 1361 609 1403 indolis
639 1360 828 1402 homines
861 1357 961 1399 odio
990 1357 1226 1409 debitisque
1255 1356 1403 1409 poenis
1432 1355 1782 1408 prosequeretur,
1814 1369 2045 1410 omnesque

240 1459 276 1484 ‚,
306 1431 348 1473 in
372 1429 611 1473 universum
638 1429 751 1471 cives
777 1427 817 1469 δε
844 1426 1036 1467 meliores
1060 1426 1250 1466 redderet
1273 1424 1659 1466 &moderatiorem
1693 1426 1837 1477 Atque
1861 1427 1912 1467 ad
1939 1429 2046 1472 bene

241 1529 277 1553 ‚,
307 1498 580 1542 ordinandam
611 1496 924 1550 regundamque
947 1494 1155 1536 civitatem
1183 1493 1282 1533 illos
1307 1492 1389 1532 hoc
1415 1491 1591 1531 maxime
1616 1491 1864 1544 adjuvabat,
1897 1495 2044 1547 quod,

235 1596 272 1621 „
303 1578 434 1619 quum
478 1577 636 1607 DUAE
684 1572 1147 1614 AEQUALITATES
1195 1559 1296 1612 (seu
1338 1559 1491 1613 duplex
1538 1561 1812 1612 aequalitatis
1848 1560 2042 1616 species)

233 1666 269 1690 ‚,
301 1634 583 1677 existimentur
613 1631 720 1684 effe,
753 1642 928 1683 quarum
952 1641 1035 1670 una
1056 1630 1243 1670 omnibus
1264 1627 1370 1670 idem
1382 1630 1513 1682 plane
1533 1628 1724 1679 tribuat,
1755 1630 1881 1670 altera
1896 1630 2046 1687 fingu.

237 1733 274 1759 ‚,
304 1705 356 1747 lis
388 1701 436 1745 id
461 1701 647 1756 conferat
675 1715 754 1756 quo
782 1699 905 1756 digni
928 1697 1039 1751 sint,
1081 1697 1268 1755 quodque
1305 1712 1367 1741 eos
1396 1697 1569 1748 deceat,
1606 1708 1692 1738 non
1720 1695 2043 1748 ignoraverunt,

229 1802 266 1828 „
294 1783 389 1816 utra
422 1772 569 1814 harum
600 1770 699 1813 effet
733 1769 912 1812 utilior:
954 1765 1070 1807 illam
1109 1767 1264 1819 quippe
1299 1779 1405 1820 quae
1437 1766 1550 1807 cives
1582 1765 1719 1807 bonos
1758 1764 2038 1819 honestosque

231 1871 269 1895 9,
299 1853 395 1884 cum
431 1842 549 1883 malis
583 1848 764 1894 aequat,
797 1838 837 1879 ἃ
865 1846 1069 1887 utrosque
1104 1833 1252 1877 iisdem
1290 1834 1527 1877 honoribus
1562 1842 1711 1884 ornat,
1743 1832 1851 1873 hanc
1890 1844 2042 1886 aequa.

229 1940 267 1964 aa
296 1912 482 1962 litatem,
525 1919 572 1952 ut
605 1908 825 1963 iniustam,
857 1905 1175 1960 improbarunt3
1208 1905 1375 1945 alteram
1408 1914 1533 1953 vero,
1566 1915 1671 1954 quae
1697 1912 2039 1956 unumquemque

230 2008 266 2033 ,9
296 1989 368 2022 aut
396 1992 474 2033 pro
508 1980 712 2033 dignitate
748 1979 928 2019 honorat
964 1985 1034 2016 aut
1062 1985 1138 2025 pro
1171 1973 1328 2014 meritis
1363 1971 1558 2023 castigat,
1595 1995 1649 2005 —-
1697 1972 1804 2013 hanc
1831 1968 1906 2011 fibi
1942 1983 2040 2022 pro.

224 2079 260 2103 ‚,
290 2050 421 2103 priam
456 2049 705 2100 elegerunt:
754 2045 980 2098 Hujusque
1019 2043 1123 2085 adeo
1165 2056 1215 2084 ex
1252 2040 1486 2094 praeceptis
1524 2041 1736 2082 clvitatem
1775 2037 2035 2082 administra-

229 2145 266 2169 „
295 2117 428 2168 bant,
469 2129 554 2159 non
591 2129 641 2158 ex
671 2114 867 2157 omnibus
900 2112 1134 2167 prorniscue
1167 2113 1332 2154 civibus
1367 2108 1474 2150 sorte
1501 2109 1703 2150 ducentes
1736 2108 1920 2151 summos
1956 2121 2042 2152 ma-

226 2213 262 2238 „
294 2183 514 2237 gistratus‚
543 2183 611 2225 sed
638 2183 799 2236 judicio
834 2183 906 2223 suo
943 2182 994 2221 acl
1025 2180 1357 2232 unumquoique
1393 2187 1544 2218 munus
1583 2176 1768 2227 optimos
1798 2176 2035 2228 praeferen-

229 2281 266 2304 „
296 2259 359 2292 tes
377 2250 417 2292 &
445 2251 621 2292 maxime
645 2251 842 2292 idoneos:
875 2248 1081 2301 Reliquos
1105 2249 1211 2290 enim
1239 2248 1351 2288 cives
1374 2245 1475 2285 tales
1501 2240 1579 2284 effe
1603 2242 1847 2296 sperabant,
1879 2246 2028 2299 quales

225 2349 260 2372 „
290 2319 454 2372 forent,
488 2321 558 2372 qui
591 2320 771 2360 summae
793 2329 931 2359 rerum
955 2314 1241 2368 praeeffent.”
1271 2337 1354 2344 —-
1397 2313 1527 2354 Paulo
1548 2311 1669 2364 post,
1702 2312 1905 2355 rationem
1939 2315 2034 2357 red-

226 2387 330 2429 dens
352 2419 367 2440 ‚
411 2403 486 2432 cur
524 2389 658 2442 prisco
697 2388 768 2430 illo
801 2399 904 2428 aevo
946 2386 1115 2438 publica
1142 2397 1312 2428 munera
1343 2384 1482 2424 minus
1515 2389 1837 2433 appeterentur,
1868 2394 1945 2424 nec
1966 2382 2032 2425 in-

227 2455 409 2498 vidiosae
444 2459 495 2500 de
525 2458 606 2499 illis
640 2458 852 2500 orirentur
886 2453 1208 2504 contentioneS‚
1255 2454 1288 2475 ‘⁶
1321 2452 1362 2493 id
1390 2449 1485 2491 inde
1517 2448 1643 2491 siebat
1678 2449 1882 2503 (inquit)
1915 2450 2031 2503 quod

226 2553 261 2576 ,9
291 2537 418 2577 opere
451 2525 652 2568 faciundo
685 2524 724 2566 ἅ
759 2523 1015 2577 parcimonia
1053 2520 1111 2562 rei
1145 2519 1389 2561 domesticae
1422 2530 1561 2560 curam
1598 2524 1822 2568 gererent,
1863 2531 2028 2573 neque,

227 2621 264 2646 ,‚
293 2593 354 2635 sui
382 2593 638 2646 negligentes
672 2591 855 2645 negotii,
887 2589 1030 2631 alienis
1060 2588 1212 2641 opzbus
1243 2587 1477 2636 inhiarent,
1518 2596 1653 2635 neque
1687 2597 1736 2624 ex
1768 2584 1909 2628 reditu
1944 2599 2028 2642 pu.

221 2689 257 2714 ‚9
289 2661 392 2703 blico
403 2664 596 2716 privatae
617 2659 820 2714 impenfixe
834 2656 1085 2710 alendaeque
1102 2657 1299 2710 familiae
1310 2652 1600 2709 prm-alerent,-
1627 2650 1693 2691 sed
1714 2651 1763 2692 de
1785 2651 1866 2696 suis
1892 2656 2026 2700 facul-

222 2759 259 2782 „
289 2731 445 2773 tatibus
466 2761 481 2783 ‚
525 2730 555 2772 fi
585 2729 751 2780 quando
787 2739 895 2780 opus
924 2725 1034 2767 foret
1058 2757 1070 2777 ‚
1118 2724 1329 2766 communi
1356 2722 1512 2764 aerario
1545 2720 1845 2776 sul-›venirent3
1888 2738 2024 2779 neque

220 2825 256 2849 ‚,
287 2800 523 2842 accuratius
558 2799 720 2841 nossent
742 2828 757 2849 ‚
799 2801 1002 2844 quantu-m
1038 2807 1086 2835 ex
1116 2792 1297 2846 publicis
1328 2791 1477 2832 tabulis
1507 2791 1557 2830 acl
1593 2790 1630 2832 se
1668 2791 1850 2844 rediret,
1897 2807 2022 2846 quam

217 2895 254 2923 2,
285 2876 487 2920 quantum
515 2865 590 2908 fibi
619 2864 679 2908 rei
708 2864 893 2918 privatae
927 2862 1102 2916 vectigal
1138 2858 1252 2903 ell'et.
1322 2858 1431 2902 Tam
1459 2858 1632 2902 sollicite
1668 2871 1803 2902 autem
1846 2862 2022 2908 abstine-

1204 2927 1244 2970 H
1271 2942 1295 2970 2
1848 2962 1884 2983 w
1917 2933 2020 2977 bant
