2211 3228
571 218 709 276 DE
783 216 1293 275 soanTE
1373 219 1645 274 CIVE.
1924 240 1987 292 13

233 380 346 451 Qui
385 393 444 432 re
471 377 719 433 familiari
749 377 1039 433 admodum
1064 377 1279 431 modica
1312 389 1788 447 eratcontentus,
1827 391 1990 449 atque

232 495 369 549 adeo
409 496 572 547 etiam
620 493 806 565 (quae
857 507 988 547 tunc
1037 494 1103 548 ad
1149 510 1284 563 opes
1327 511 1386 547 ae
1429 497 1730 563 potentiam
1766 498 1987 566 patebat

229 600 367 680 xiia)
432 611 703 661 turbarum
772 609 1016 661 civilium
1086 608 1405 662 societatem
1470 610 1806 664 aversabatur
1835 652 1852 679 ‚
1919 613 1985 667 ab

230 724 380 776 omni
414 721 788 790 conjuratione
819 736 911 776 aut
940 723 1210 776 seditione
1237 724 1471 778 alienum
1495 724 1548 777 se
1579 724 1790 793 semper
1806 725 1986 793 fuisse,

226 853 403 891 coram
439 836 712 907 judicibus
754 852 940 908 aperte
985 837 1257 909 profeffus
1295 838 1402 893 est:
1448 840 1633 911 Quin,
1677 842 1768 910 qui
1798 840 1988 897 faetio·

227 953 311 1007 sus
368 953 552 1020 foret,
614 967 704 1007 aut
740 953 1025 1008 familiares
1070 955 1192 1008 suos
1238 956 1474 1025 plurium
1515 956 1652 1009 odiis
1698 971 1989 1026 propterea

228 1071 570 1138 implicaret,
627 1069 772 1122 hunc
814 1086 883 1123 ne
927 1072 1069 1123 inter
1108 1074 1308 1124 amicos
1359 1071 1580 1139 quidem
1632 1072 1983 1142 deligendum

226 1183 333 1239 esse
384 1186 751 1240 arbitrabatur.
846 1186 1183 1255 Quamquam
1247 1200 1427 1240 autem
1483 1188 1548 1241 ab
1601 1188 1707 1240 hoc
1747 1204 1985 1258 genere,

224 1301 374 1370 quod
400 1303 456 1354 in
488 1302 772 1370 perpetuis
799 1302 968 1354 turbis
997 1302 1269 1369 versatur,
1313 1304 1590 1372 vitamque
1623 1304 1842 1356 vitalem
1872 1320 1985 1358 non

224 1415 322 1470 nisi
366 1417 577 1470 medios
620 1418 762 1469 inter
804 1418 958 1486 ignes
1002 1419 1243 1483 reperit,
1282 1418 1595 1470 abhorreret
1629 1433 1786 1484 quam
1819 1420 1987 1474 maxi-

225 1546 346 1595 me,
416 1531 725 1598 potentium
785 1542 964 1583 tamen
1024 1532 1246 1583 minime
1306 1543 1418 1585 erat
1469 1532 1744 1600 adulator,
1801 1551 1983 1603 neque

226 1643 512 1701 assentator
546 1645 778 1715 populi3
816 1645 908 1699 sed
936 1646 1164 1701 liberam
1190 1660 1461 1717 perpetuo
1490 1650 1776 1703 adhibebat
1805 1661 1987 1704 consu.

225 1762 490 1828 muciam,
533 1778 688 1830 quarn
720 1777 753 1815 a
784 1763 1157 1831 magnitudine
1189 1765 1360 1818 animi
1390 1766 1596 1819 dzzffczm
1629 1767 1703 1818 ait
1730 1766 1983 1833 CICERO,

224 1895 327 1932 non
355 1893 388 1930 a
405 1877 683 1949 fitperbia‘.
736 1879 884 1950 Ergo
909 1882 1052 1933 inter
1082 1880 1235 1933 cives
1266 1881 1338 1934 ita
1360 1880 1599 1934 versatus
1629 1881 1736 1948 est,
1767 1894 1828 1935 ut
1847 1881 1981 1936 sem-

223 2009 321 2062 per
349 1995 673 2061 optimarum
704 1997 937 2063 partium
971 1996 1285 2065 patriaeque
1314 1997 1608 2051 Libertatis
1648 1998 1904 2060 defensor
1929 2001 1983 2054 ὅτ,

224 2107 357 2160 effet
412 2109 462 2159 δε
521 2108 925 2162 existimaretur.
1017 2114 1068 2163 A
1114 2113 1418 2179 Republica
1468 2126 1647 2166 tamen
1691 2113 1982 2180 abstinuit;

226 2222 273 2274 &
331 2235 544 2290 praeter
604 2224 848 2276 annalem
908 2225 962 2276 in
1021 2225 1459 2295 Quingentorum
1515 2231 1713 2281 Senatu
1755 2230 1979 2297 locum,

226 2350 386 2404 quem
447 2336 614 2390 semel
667 2340 892 2405 tenuit,
964 2341 1143 2393 nullos
1199 2341 1436 2394 honores
1490 2344 1761 2411 ambivit,
1833 2347 1979 2398 inter

222 2451 524 2506 Archontas
554 2469 824 2522 nunquam
854 2454 1072 2530 sortitus
1100 2456 1208 2523 est‚
1241 2459 1287 2511 dr
1316 2460 1382 2511 ab
1410 2456 1696 2512 Oratorum
1725 2459 1974 2531 suggesto

223 2582 379 2633 quam
424 2568 713 2638 longiffime
760 2571 849 2622 hie
893 2572 976 2623 vir
1005 2571 1057 2624 se
1096 2574 1366 2639 remo-vit,
1411 2574 1502 2641 qui
1543 2573 1759 2629 dicendi
1790 2575 1978 2630 fontes

221 2679 583 2750 suadendique
613 2684 809 2740 cauffas
843 2685 1039 2739 refflus
1065 2686 1272 2755 noffet,
1317 2705 1474 2757 quam
1507 2693 1595 2758 qui
1624 2690 1796 2745 isthoc
1833 2706 1972 2746 tem-

223 2809 355 2862 pore
388 2796 832 2873 Demagogorum
861 2802 1195 2857 habebantur
1225 2804 1559 2859 disertissimi.

1135 2917 1179 2973 B
1222 2935 1257 2988 3
1901 2926 1980 2980 At
