2211 3228
255 273 329 324 ια
695 254 1558 313 ‘ORATIO

246 415 353 472 estt
395 411 631 468 Labores
673 409 900 465 militiae
946 411 1206 481 pertulit,
1258 412 1390 467 adiit
1434 413 1714 483 pericula,
1777 419 2025 472 mortem}

245 534 301 584 in
377 529 601 598 proeliis
674 526 980 597 impavidus
1041 528 1350 583 contemsit.
1446 532 1487 559 ‘⁵
1533 529 1761 586 Peliden
1829 533 2012 586 imite-

245 685 285 713 ,,
327 660 481 711 mur,
523 642 637 712 ipse
685 644 753 697 de
795 644 848 697 se
893 644 1037 714 apud
1074 645 1484 699 PLAToNEM
1528 647 1631 701 ait:
1675 645 1771 701 Ne
1801 650 2013 703 telluris

243 795 284 829 ,2
321 762 568 815 vivamus
611 760 829 829 pondus
871 762 1098 814 inutile:
1141 761 1237 815 Ne
1281 763 1401 830 quis
1428 778 1665 832 unquam
1695 767 1886 819 mortis
1917 783 2017 820 no-

244 918 287 946 ,,
326 878 417 931 bis
470 875 826 931 formidinem
865 879 1195 945 exprobret,
1247 889 1338 931 aut
1380 879 1750 946 periculorum
1789 878 1972 950 fugam
1996 899 2014 933 z

246 1033 287 1063 ,,
331 995 455 1065 Qua
492 1004 713 1046 nosmet
758 991 857 1061 ipsi
897 991 1325 1045 ordinaverimus
1368 993 1507 1046 aciei
1558 1006 1744 1063 parte,
1786 1005 1877 1048 aut
1907 1010 2019 1063 quo

247 1150 289 1179 ,,
331 1111 396 1163 ab
442 1107 769 1176 imperatore
829 1108 1065 1162 ordinati
1120 1107 1299 1162 sumus
1344 1111 1514 1177 Ιοεο,
1552 1111 1629 1163 ibi
1674 1126 2019 1178 maneamus,

242 1261 284 1295 3,
325 1242 430 1280 nec
489 1236 722 1279 mortem
773 1222 1227 1292 reformidemu3‚
1283 1240 1465 1295 neque
1522 1227 1622 1281 alia
1669 1227 2014 1295 discrimina,

240 1381 288 1412 02„
330 1343 469 1398 nihil
512 1353 864 1412 reputante8‚
906 1341 1004 1394 nisi
1046 1354 1108 1395 ut
1151 1343 1391 1396 vitemus
1423 1341 1841 1412 turpitudinem.
1916 1344 2018 1397 At-

247 1500 290 1530 ,,
335 1475 439 1530 que
472 1458 607 1512 haec
638 1473 790 1523 mea,
831 1459 900 1510 o!
933 1458 1334 1525 Athenienses,
1374 1458 1589 1528 semper
1626 1459 1734 1514 fuit
1763 1461 1909 1515 vitae
1942 1475 2021 1514 ra-

249 1616 293 1646 „
335 1577 445 1630 tio:
491 1575 619 1646 Quo
670 1574 872 1641 duceS,
927 1591 957 1628 a
993 1575 1157 1629 vobis
1202 1574 1364 1642 lecti,
1404 1590 1492 1629 me
1539 1575 1826 1630 consistere
1853 1572 2017 1643 juffe-

247 1732 292 1763 ,,
334 1705 491 1760 runt,
534 1693 801 1762 &prope
838 1689 1183 1758 Potidaearn,
1228 1693 1281 1745 &
1329 1691 1397 1745 ad
1434 1693 1834 1762 Amphipolin,
1870 1691 1921 1746 &
1960 1692 2019 1745 in

247 1849 291 1880 a,
335 1810 544 1877 Delio,
599 1809 676 1862 ibi
733 1806 951 1861 constiti
989 1806 1133 1860 haud
1178 1808 1358 1860 minus
1404 1807 1817 1878 perseveranter
1862 1822 2020 1877 quam

245 1966 292 1995 ,,
329 1926 612 1996 quisquam
656 1926 824 1991 alius,
867 1925 919 1978 &
955 1924 1209 1977 ultimum
1252 1924 1544 1977 discrimen
1573 1924 1711 1978 adii:
1759 1922 1836 1977 lta
1871 1924 2019 1977 enim

250 2082 294 2112 ,,
331 2041 670 2112 judicabam,
715 2041 767 2095 &
808 2055 953 2093 nunc
992 2041 1155 2094 etiam
1200 2039 1424 2109 Judico,
1466 2056 1576 2111 quo
1601 2040 1758 2096 Deus
1791 2054 1892 2093 nos
1917 2054 2021 2094 vo-

251 2199 294 2227 ,,
336 2170 453 2226 cat,
495 2158 624 2211 illuc
657 2155 766 2210 esse
795 2155 1132 2225 sequendum
1159 2156 1212 2209 ⁹².

323 2274 399 2329 Et
423 2290 614 2328 revera
644 2275 869 2345 longum
899 2271 977 2326 est
1008 2269 1212 2326 referre
1233 2313 1250 2339 ,
1289 2287 1423 2341 quae
1458 2272 1528 2326 de
1560 2270 1794 2325 Socratis
1825 2269 2018 2323 militiai

228 2386 460 2445 ‘summo
489 2390 770 2444 traduntur
797 2389 1134 2460 Scriptorum
1174 2387 1473 2442 consensu:
1516 2386 1707 2440 Unum
1740 2386 2016 2440 dicemus:

254 2509 454 2571 Civem
493 2522 606 2561 non
644 2506 796 2560 bello
839 2506 1016 2558 minus
1060 2521 1218 2575 quam
1260 2520 1395 2574 pace
1452 2504 1649 2557 utilem
1699 2502 1810 2556 sese
1862 2517 2019 2571 prae-

255 2623 441 2679 stitiss'e
470 2623 782 2688 Socratem,
820 2623 1053 2676 militem
1085 2621 1455 2688 fortiflimum‚
1504 2621 1738 2674 amicum
1779 2618 2018 2688 denique

255 2743 423 2795 vitam
467 2756 566 2811 pro
611 2740 796 2794 amicis
839 2755 1048 2810 ponere
1095 2751 1373 2809 paratum:
1417 2736 1493 2792 Et
1533 2736 1600 2792 ad
1636 2736 1867 2791 Delium
1896 2736 2015 2806 qui-

258 2857 385 2912 dem
428 2857 500 2913 fic
540 2857 840 2930 pugnavit,
879 2869 979 2926 ut,
1017 2855 1057 2910 fi
1096 2853 1232 2910 fides
1273 2856 1640 2922 Pimom,
1690 2850 1911 2908 testatus
1953 2851 2021 2905 fit

1846 2968 2022 3024 Athe-
