2211 3228
570 233 708 297 DE
786 230 1306 295 SOCRATE
1384 230 1664 292 CIVE.
1925 242 1994 306 ‘tt

244 397 661 459 Atheniensium
695 398 919 453 Praetor
958 396 1206 463 LacheS,
1246 394 1285 448 fi
1309 398 1511 450 caeteri
1538 395 1672 450 tales
1704 395 1761 450 in
1787 398 1996 468 praelio

241 516 467 572 fuissent
503 529 728 581 omnes,
779 514 948 585 qualis
988 528 1125 566 unus
1170 511 1450 576 Socrates,
1506 528 1618 566 non
1657 512 1813 571 fuiffe
1853 513 1999 571 futu·

245 649 396 698 rum,
437 644 499 685 ut
535 648 564 685 a
600 631 829 684 Boeotis
867 630 1119 682 Athenae
1148 627 1216 682 de
1248 629 1411 699 gradu
1439 626 1818 696 dejicerentur.
1897 632 2000 686 Ul-

243 747 408 800 timus
451 762 576 799 cum
625 743 743 816 ipso
789 744 1035 799 Lachete
1077 746 1260 815 pugna
1300 745 1548 811 excellit,
1601 745 1755 801 lento
1798 748 1996 818 gradu,

242 863 406 918 animi
466 877 695 933 compos
727 899 744 928 ,
799 861 849 915 &
897 860 1248 931 insequentes
1304 860 1641 929 Thebanos,
1696 860 1733 915 si
1779 865 2003 932 propius

241 990 536 1051 urgerent,
575 977 888 1048 propulsare
918 989 1150 1047 paratus
1229 976 1292 1029 In
1325 976 1437 1047 ipsa
1474 993 1607 1032 vero
1636 979 1733 1033 hac
1766 979 1926 1050 fuga,
1967 981 2006 1034 si

243 1094 312 1149 de
351 1094 572 1149 Socrate
603 1092 730 1164 fuga
758 1092 822 1146 fit
855 1092 1206 1163 appellanda,
1248 1093 1546 1162 divinanti,
1589 1111 1690 1161 qua
1718 1088 2000 1165 utebatur,

241 1210 565 1281 prudentiae
607 1209 935 1276 obsecutus,
978 1210 1162 1263 multis
1190 1208 1374 1269 audior
1405 1209 1586 1264 salutis
1618 1208 1763 1279 fuit,
1805 1229 2004 1268 cavens

242 1341 312 1380 ne
351 1323 442 1380 vizi
471 1324 800 1392 insisterent,
842 1340 945 1395 qua
988 1327 1043 1379 in
1069 1325 1302 1379 hostium
1333 1326 1642 1380 inciderent
1671 1328 2000 1395 equitatum:

239 1441 656 1512 Integerrimum
709 1452 890 1493 autem
941 1441 1173 1493 amicum
1219 1439 1268 1492 &
1306 1442 1580 1494 alumnum
1621 1442 2007 1516 dignissimum,

241 1555 710 1625 Xenophontem,
757 1570 937 1624 equ0,
982 1555 1074 1624 qni
1117 1555 1274 1608 cursu
1314 1556 1368 1610 se
1400 1559 1780 1627 proripuerat,
1822 1559 2008 1634 delap-

243 1669 356 1731 sum
401 1670 641 1738 sustulit,
684 1672 933 1740 periculo
982 1672 1222 1741 eripuit,
1265 1672 1315 1728 &
1350 1672 1465 1744 ipse
1493 1673 1703 1743 pedeS,
1743 1675 2009 1744 juvenem

244 1794 423 1839 aetate
467 1782 817 1854 proveetior,
870 1784 1113 1837 humeris
1150 1786 1424 1854 portavit,
1484 1785 1661 1840 donec
1702 1785 1829 1858 fuga
1869 1788 2012 1846 fiste·

246 1909 412 1954 retur.
515 1899 694 1971 Quam
778 1899 1008 1954 eandem
1074 1900 1300 1956 salutem
1364 1901 1756 1973 discipulorum
1819 1906 1973 1960 alteri
1993 1947 2019 1983 ,Ἴ

243 2013 630 2087 Xenophontis
667 2017 884 2086 prorsus
925 2016 1188 2084 diflimili,
1239 2019 1446 2073 utinam
1493 2019 1544 2073 δε
1583 2032 1706 2073 ante
1751 2021 1820 2075 ad
1859 2022 2009 2076 Poti-

245 2129 432 2184 daeam
484 2145 597 2183 non
633 2129 1009 2199 praestitisset!
1069 2133 1449 2200 Alcibiadem,
1512 2149 1722 2188 morum
1762 2138 2014 2205 publico-

249 2261 366 2299 rum
409 2256 828 2315 corruptorem,
900 2246 951 2300 &
1004 2246 1245 2313 Patriae,
1299 2247 1410 2302 five
1461 2249 1663 2303 amicus
1717 2247 1852 2306 effet
1899 2254 2009 2314 five

246 2361 412 2416 hostis
434 2401 451 2428 ,
490 2359 731 2430 pestem,
784 2361 984 2415 deinde
1026 2379 1137 2417 non
1183 2375 1439 2432 expertae
1469 2364 1688 2420 fuiffent
1719 2370 1967 2426 Athenae
1995 2392 2006 2424 :

248 2477 358 2533 Sed
387 2478 641 2531 nimirum
681 2493 845 2532 nemo
883 2494 1117 2547 unquam
1155 2494 1479 2551 praeceptor
1503 2482 1735 2550 juvenes
1762 2484 1818 2538 in
1848 2486 2010 2542 disci-

249 2594 452 2665 plinam
486 2594 712 2648 traditos
755 2593 941 2647 castius
988 2596 1183 2650 amavit
1221 2608 1309 2650 aut
1348 2597 1623 2652 sincerius.
1705 2599 2011 2659 Contuber-

254 2709 433 2764 nalem
471 2711 526 2763 in
573 2711 854 2765 obsidione
889 2711 1179 2765 Potidaeae
1216 2713 1360 2766 hunc
1408 2714 1619 2769 Cliniae
1648 2713 1817 2771 filium
1846 2720 2011 2775 habe-

256 2824 348 2878 bat
387 2823 668 2893 SocrateS,
711 2828 760 2881 &
794 2827 847 2880 in
875 2830 1257 2882 certaminibus
1290 2828 1529 2898 socium,
1572 2833 1663 2901 qui
1692 2833 1828 2888 latus
1858 2850 2008 2907 tege-

1200 2945 1243 2998 Β
1288 2963 1316 2998 2
1893 2965 2003 3006 ret:
