2211 3228
215 165 251 212 2·
684 147 1526 232 ORATIO

223 312 317 378 Id,
362 325 484 362 cum
530 305 596 359 de
654 304 904 359 omnibus
956 317 1148 355 verum
1205 303 1299 370 sit,
1342 317 1456 358 tum
1502 306 1734 359 maxime
1777 308 1843 361 de
1882 311 1980 377 iis,

225 428 316 497 qui
357 421 717 492 elegantiores
757 419 938 470 literas
978 418 1028 471 δε
1067 418 1401 485 antiquarum
1442 435 1618 472 rerum
1661 423 1848 475 colunt
1873 441 1986 477 me-

225 541 479 602 moriam,
522 533 782 588 adfirmari
828 532 1026 602 potest.
1106 533 1321 603 Fingite
1368 536 1527 588 vobis
1568 537 1803 607 aliquem
1834 579 1851 605 ‚
1893 541 1985 608 qui

227 674 254 711 a
283 654 452 724 prima
477 651 766 720 juventute
801 650 900 703 hac
931 647 1214 718 disciplina
1242 648 1539 704 delectatus
1564 652 1628 706 sit
1648 693 1664 719 ,
1707 655 1781 707 ita
1810 665 1989 708 tamen

228 767 527 824 delectatus
547 808 563 834 ‚
604 777 666 820 ut
692 765 899 820 veteris
927 765 1049 818 aevi
1080 766 1331 834 exempla
1356 782 1466 819 non
1506 768 1854 836 conquireret
1880 771 1988 825 ina-

228 888 371 941 niter
400 881 673 947 curiosus»,
719 879 1128 945 onerandaeque
1172 882 1338 949 magis
1370 897 1528 949 quam
1567 885 1834 938 ornandae
1874 901 1990 938 me·

232 1001 433 1056 moriae
467 996 733 1065 cupidus,
774 992 869 1046 sed
900 1005 961 1046 ut
989 992 1115 1046 inde
1158 993 1256 1048 fibi
1294 996 1583 1067 colligeret
1610 1010 1902 1068 praecepta
1929 999 1996 1053 acl

233 1118 375 1170 vitae
417 1110 723 1166 communis
760 1109 946 1176 usum,
990 1110 1042 1163 &
1081 1112 1259 1164 omnia
1292 1110 1565 1169 societatis
1611 1115 1790 1169 civilis
1822 1116 1995 1170 officia

230 1231 446 1301 plenius
494 1226 799 1294 rectiusque
856 1224 1199 1294 praestanda:
1258 1227 1475 1298 Fingite
1521 1230 1666 1283 hunc
1710 1231 1993 1285 hominem

228 1351 283 1402 in
322 1363 384 1401 ea
419 1344 661 1399 incidere
702 1354 983 1411 tempora,
1027 1341 1278 1411 quandO,
1321 1341 1611 1401 diffociatis
1651 1347 1856 1400 civium
1886 1347 1998 1400 ani-

232 1465 368 1529 mis,
409 1461 500 1517 alii
535 1460 652 1514 aliis
691 1456 879 1512 favent
907 1459 1180 1528 partibus3
1220 1460 1304 1527 &,
1348 1459 1609 1531 gliscente
1638 1462 1703 1515 ,in
1747 1461 1865 1516 dies
1892 1478 1999 1516 ma-.

238 1581 315 1652 gis
344 1579 621 1649 magisque
653 1571 949 1642 discordia,
993 1575 1369 1630 difficillimum
1401 1576 1621 1632 tandem
1649 1576 1710 1631 fit
1741 1579 1882 1632 inter
1911 1589 1997 1633 tot

233 1713 293 1752 ac
327 1706 472 1749 tanta
511 1692 635 1747 odia
665 1703 843 1745 tutum
876 1691 1029 1744 fimul
1071 1689 1180 1745 effe
1223 1693 1275 1746 &
1316 1694 1580 1763 propositi
1611 1706 1884 1764 perpetuo
1915 1706 1998 1747 te-

234 1826 458 1882 nacem:
501 1808 718 1879 Fingite
762 1807 925 1862 vobis
954 1846 971 1874 ‚
1023 1807 1274 1877 inquam,
1318 1810 1481 1864 talem
1519 1809 1834 1863 hominem:
1878 1808 2002 1863 Ne-

237 1925 380 1981 ceffc
413 1925 638 1980 omnino
678 1923 754 1980 est
781 1964 799 1991 ,
851 1934 915 1976 ut
956 1924 1200 1994 ingenita
1234 1925 1315 1977 illi
1356 1924 1560 1995 cupido
1602 1923 1657 1978 se
1694 1925 1884 1980 efferat
1912 1942 1999 1979 res

237 2042 547 2113 praesentes
590 2038 935 2109 comparandi
970 2054 1095 2092 cum
1125 2041 1359 2109 antiquis
1380 2080 1398 2107 ,
1448 2055 1674 2110 eamque
1709 2040 2010 2096 divinatio-⁷

238 2175 365 2213 nem
392 2154 722 2221 adhibendi,
764 2170 898 2223 quae
927 2153 1036 2208 sola
1064 2170 1192 2209 vera
1214 2153 1290 2208 est
1323 2156 1372 2210 &
1397 2170 1669 2226 nunquam
1700 2153 1840 2211 fallit
1860 2195 1877 2222 ‚
1921 2156 2003 2225 ip·

243 2275 348 2329 fam
386 2273 640 2326 nimirum
676 2270 1024 2340 prudentiam
1066 2271 1134 2324 de
1174 2269 1371 2324 futuris
1398 2287 1482 2325 rex
1524 2272 1831 2341 praeteritis
1860 2271 2003 2342 judi-

241 2401 479 2444 cantem(
548 2387 804 2441 Naturae
838 2398 1104 2459 paremus
1147 2403 1357 2452 onmes,-
1396 2387 1448 2441 &
1487 2385 1606 2440 fieri
1635 2402 1745 2440 non
1771 2385 1951 2455 potest
1979 2426 1997 2453 ,

249 2507 380 2576 quin
409 2505 654 2569 animm,
689 2502 766 2555 -fic
809 2519 837 2557 a
879 2504 1082 2556 teneris
1119 2500 1290 2556 factus
1334 2503 1385 2556 &
1429 2501 1742 2569 institutus,
1783 2503 1838 2556 in
1880 2517 2005 2556 ean·

244 2623 370 2676 dem
409 2621 706 2687 continu0‚
752 2619 958 2676 invitus
993 2619 1126 2673 licet
1164 2620 1216 2673 &
1253 2618 1654 2689 propemodum
1686 2616 1952 2672 reluctans
1981 2659 2002 2687 ,

245 2735 518 2791 deferatur
565 2746 747 2790 tamen
796 2733 1072 2808 cogitandi
1120 2733 1268 2790 viam
1292 2774 1312 2804 ,
1367 2735 1511 2790 inter
1550 2733 1879 2789 calamitates
1913 2734 2008 2789 Pa·

1841 2850 1976 2904 triae
1988 2889 2009 2919 2
