2211 3228
219 308 296 339 100
532 284 1075 342 DISQUISITIO
1130 285 1229 333 DE
1284 286 1724 338 EPISTATIS

222 435 356 478 genue
384 419 538 469 fassus,
570 416 876 460 dubitationem
907 424 1069 459 tantum
1103 428 1337 471 proponam
1367 429 1529 471 meam,
1559 429 1610 460 an
1631 418 1737 462 adeo
1766 427 1924 464 certum
1945 422 2027 478 fit,

220 491 425 534 neminem
466 497 651 538 unquam
687 487 729 528 in
773 487 1007 538 Ληξυιςχικὲ,
1042 486 1212 529 alterius
1247 485 1373 528 Demi
1405 497 1559 528 nomen
1597 487 1842 532 transtulisse
1876 489 2023 546 suum,

215 569 340 610 atque
369 556 450 604 ita,
485 564 617 597 aetate
646 554 980 609 proveffiorem,
1011 552 1053 595 in
1078 554 1198 595 aliam
1223 553 1431 605 Tribum‚
1461 562 1625 596 mutato
1647 554 1757 599 forte
1781 558 2024 615 domicilio,

216 623 533 676 commigrasse,
564 635 727 678 praeter
763 623 906 675 illam,
937 621 1060 675 cujus
1092 621 1372 676 appellatione
1404 635 1427 663 a
1455 632 1572 675 patre
1595 622 1735 666 fuisset
1759 624 2025 681 designatus,

212 706 342 747 quum
373 692 408 733 is
440 691 570 734 filium
600 694 706 736 inter
738 692 928 746 Φρθίπρφς
953 691 1128 734 adscribi
1159 691 1340 745 primum
1370 700 1551 733 curaret.
1609 693 1841 748 Cognitum
1870 695 2029 749 quippe

211 762 298 814 est,
329 762 532 815 gemInam
565 762 685 806 fuisse
714 762 896 805 Athenis
925 760 1150 804 Librorum
1180 761 1415 803 Curialium
1448 759 1518 803 seu
1552 760 1806 805 Tabularum
1829 763 2027 818 publica-

210 844 333 883 rum,
366 834 409 872 in
452 841 555 884 quas
582 830 711 873 Cives
737 829 1050 878 referebantur,
1079 827 1284 881 speciem3
1317 829 1493 872 alterum
1528 833 1747 880 ‹pgavmnzn
1773 835 2028 883 νςριμματεῖοο

207 901 278 944 vel
308 899 410 940 ‚amb
435 903 704 953 γζᾳμμοιτιῖον,
733 898 776 941 in
811 910 935 951 quem
967 897 1209 939 Tribulium
1234 897 1440 940 Codicem
1472 898 1684 941 Phratriae
1705 899 1745 941 &
1772 900 1936 943 Gentes
1954 900 2030 942 ad·

212 969 528 1019 scribebanturg,
562 968 735 1008 alterum
756 964 980 1018 ληξιαιςχικὶν
1003 968 1267 1018 ygumenus-v,
1298 966 1341 1007 in
1369 979 1456 1018 quo
1482 968 1653 1008 nomina
1674 966 1933 1019 fingulorum
1954 968 2030 1012 Ci-

210 1038 357 1089 vium,
390 1041 463 1090 qui
496 1036 537 1077 in
566 1045 828 1087 unoquoque
862 1035 1000 1075 Demo
1029 1032 1330 1083 censebantur,
1360 1032 1551 1075 adnotari
1579 1033 1791 1076 solebant:
1829 1035 1921 1088 Jam
1955 1046 2030 1076 au-

208 1116 292 1148 tem
312 1135 326 1155 ‚
357 1103 711 1159 quemadmodum
742 1102 784 1144 in
818 1101 937 1155 prius
969 1100 1078 1143 istud
1108 1102 1267 1143 Album
1292 1113 1519 1154 puerorum
1543 1103 1740 1154 nomina,
1771 1101 1870 1143 dum
1893 1101 1936 1144 in
1963 1103 2030 1146 in-

204 1173 341 1217 fantia
373 1175 495 1217 etiam
536 1172 693 1224 essent,
724 1170 870 1217 referri
891 1170 1063 1212 curabat
1089 1180 1207 1224 pater
1225 1171 1426 1212 naturalis
1450 1181 1521 1214 aut
1545 1172 1798 1225 adoptivus,
1829 1170 2029 1224 adJ‘unc'to

207 1243 282 1287 suo
317 1243 359 1286 &
391 1242 516 1283 Demi
547 1241 744 1290 nomine,
784 1241 843 1282 ita
873 1238 1107 1282 verosimile
1143 1238 1225 1290 est,
1268 1237 1342 1280 ista
1373 1240 1544 1283 nomina
1574 1240 1673 1283 Civi
1697 1253 1772 1294 per
1801 1248 1934 1282 totam
1966 1241 2030 1284 vi-

207 1323 293 1356 tam
314 1309 507 1354 haesisse:
542 1310 625 1353 Sed
652 1311 760 1352 enim
776 1339 791 1361 ‚
823 1320 953 1361 quum
975 1311 1199 1363 animam?
1224 1305 1548 1352 inscriberentur
1565 1308 1648 1362 jam
1673 1309 1807 1351 adulti
1832 1307 1872 1350 &
1891 1321 2028 1353 rerum

209 1381 377 1425 suarum
409 1380 595 1431 domini,
628 1379 730 1421 mihi
763 1377 930 1430 quidem
961 1388 1048 1418 non
1082 1374 1270 1429 constat,
1299 1378 1396 1421 illos
1430 1388 1533 1420 tunc
1565 1377 1735 1420 nomina
1753 1377 1824 1419 sua
1846 1390 1932 1420 non
1953 1391 2031 1432 pon

209 1449 331 1493 tuisse
361 1449 551 1503 profiteri
574 1448 616 1489 in
640 1447 721 1489 alio
754 1447 921 1496 Demo,
955 1456 1079 1496 quam
1111 1445 1233 1497 qu'us
1264 1448 1541 1501 popularibus
1564 1460 1586 1488 a
1611 1454 1757 1500 patre,
1788 1446 1887 1488 dum
1907 1448 2028 1501 pueri

214 1516 383 1570 forent,
414 1516 584 1559 fuissent
616 1514 765 1557 oblati.
797 1536 852 1548 --
899 1512 1118 1566 Quidquid
1148 1512 1226 1565 fit,
1268 1515 1373 1557 tanti
1405 1515 1507 1557 mihi
1537 1515 1705 1568 quidem
1740 1514 1813 1557 ista
1847 1528 1932 1558 non
1973 1515 2031 1558 est

212 1587 466 1636 difficultas,
506 1595 556 1627 ut
587 1584 712 1626 fidem
747 1590 970 1636 propterea
1003 1582 1228 1634 abrogem‚
1268 1594 1355 1624 non
1386 1582 1569 1625 Libanio
1605 1592 1795 1632 tantum,
1843 1597 1929 1627 non
1970 1583 2032 1627 illi

214 1655 287 1707 qui
316 1655 527 1708 Ulpianus
554 1652 736 1702 dicitur,
768 1662 854 1692 non
884 1648 1069 1701 Suidne,
1099 1671 1152 1682 —-
1182 1650 1252 1692 sed
1275 1649 1576 1703 Demostheni,
1606 1649 1674 1692 sed
1691 1649 1906 1694 AEschini
1924 1652 2033 1695 Ora.

214 1723 330 1776 tori,
358 1723 427 1766 sed
456 1720 649 1773 Platoni,
681 1719 751 1762 sed
783 1719 1084 1772 Xenophonti,
1116 1719 1156 1761 ὃς
1190 1720 1213 1771 (
1223 1719 1352 1762 verbo
1387 1719 1554 1772 dicam)
1584 1717 1797 1761 universae
1828 1720 2031 1774 Antiqui-

211 1792 307 1835 tati.
368 1792 590 1835 Nonnulla
622 1791 734 1834 illius
766 1788 1047 1842 Antiquitatis
1079 1787 1312 1830 testimonia
1340 1788 1424 1841 jam
1453 1787 1694 1829 recitemus.

268 1927 310 1981 §.
343 1924 423 1969 VI.
482 1925 595 1969 Inter
625 1927 759 1979 mala,
794 1937 900 1978 quae
929 1923 1134 1978 postrema
1168 1933 1300 1967 aetate
1332 1924 1487 1976 Remp.
1515 1921 1700 1965 Atticam
1723 1921 1877 1976 pessum
1905 1924 2031 1968 dede·

212 2005 342 2047 runt,
385 1996 600 2048 neglectus
630 1995 712 2038 fuit
744 2006 934 2039 veterum
973 1992 1136 2044 Legum
1174 2002 1300 2046 atque
1331 1993 1643 2044 institutorum,
1687 1991 1843 2044 quibus
1883 1991 2034 2034 immo-

211 2064 342 2107 destia
373 2063 601 2106 Oratorum
634 2063 885 2114 furoresque
911 2061 1250 2112 Demagogorum
1277 2059 1603 2103 coemebantur:
1634 2061 1868 2112 Nunquam
1890 2069 2029 2103 autern

212 2132 383 2177 licentia
414 2132 488 2174 ista
514 2130 803 2175 vehementius
827 2128 1000 2182 grassata
1032 2125 1115 2178 est,
1157 2139 1281 2179 quam
1310 2141 1406 2171 cum
1433 2127 1775 2169 nobilissimorum
1801 2128 2028 2172 Oratorum

210 2215 316 2258 par,
345 2201 469 2243 nimis
497 2203 582 2255 (ut
609 2203 666 2243 ita
688 2197 854 2249 dicam)
876 2198 982 2239 bene
1004 2195 1279 2248 compositum
1297 2225 1313 2247 ‚
1343 2195 1498 2237 Forum
1525 2195 1565 2237 δι
1584 2195 1714 2238 Cives
1734 2194 1777 2235 in
1799 2193 2028 2239 fastionum

162 2308 167 2312 .
210 2280 354 2327 partes
390 2270 622 2313 scinderet:
656 2269 766 2318 Sed,
796 2275 844 2308 ut
869 2265 974 2307 nulli
994 2264 1256 2317 frequentius
1286 2276 1409 2317 quam
1446 2262 1519 2316 ipsi
1546 2262 1734 2306 Gracchi
1757 2263 1807 2304 de
1828 2262 2031 2307 seditione

220 2338 342 2393 queri
374 2339 533 2391 solent,
564 2339 618 2382 sic
649 2338 690 2379 δε
724 2336 842 2389 saepe
871 2343 1049 2384 uterque
1070 2332 1217 2383 istum,
1251 2332 1373 2384 qu‘us
1400 2330 1475 2384 ipsi
1504 2332 1693 2373 auctores
1728 2341 1870 2385 erant,
1907 2337 2032 2372 canoa--

220 2409 309 2460 μίας
336 2418 595 2451 contemtum
628 2403 898 2457 reprehendit
931 2402 968 2444 &
993 2401 1109 2444 velut
1140 2401 1345 2453 deplorat.
1406 2405 1474 2443 τῆς
1503 2399 1542 2440 δὲ
1572 2402 1602 2441 ’τ’
1619 2399 1763 2451 ρητόρων
1790 2403 1963 2446 ἀκοσμίας
1985 2402 2029 2442 ἐκ

213 2479 270 2518 ἵνα
301 2480 432 2531 κεφτεῖι
466 2472 609 2527 δόνανἾιη
638 2474 689 2513 ἔθ’
713 2474 743 2512 οἱ
769 2473 888 2523 νέμοι,
926 2470 980 2511 ἔθ’
1008 2473 1038 2511 οἱ
1071 2472 1277 2522 sigurdum,
1307 2468 1360 2509 ἔθ’
1389 2472 1420 2509 οἱ
1449 2470 1636 2523 Πςέιὲςοι,
1667 2469 1719 2508 θ’θ’
1748 2471 1764 2511 ἦ
1794 2457 2032 2523 πςξεὲςεύκση

216 2549 337 2599 φυλὴ,
382 2545 422 2587 τὶ
458 2544 598 2585 δέκατον
629 2542 730 2595 μέρος
765 2546 822 2587 τῆς
858 2541 1006 2584 nsaw.
1071 2537 1213 2580 Verba
1242 2537 1336 2580 sunt
1367 2539 1699 2581 AEscnims
1739 2540 1781 2580 in
1825 2539 1947 2582 Orat.
1987 2551 2027 2582 c.

217 2615 410 2670 Ctesiph.
443 2625 543 2667 pag.
574 2625 643 2666 54.
678 2622 744 2663 15.
777 2612 845 2652 ed.
881 2610 1029 2663 Steph.
1065 2608 1221 2661 quibus
1252 2606 1398 2648 iisdem
1436 2606 1521 2647 fere
1554 2605 1653 2648 usus
1682 2606 1741 2648 est
1774 2607 2030 2649 adversarius

213 2687 668 2729 DEMOSTHENES
701 2679 742 2721 in
775 2679 894 2722 Orat.
929 2677 961 2718 Ι.
998 2686 1145 2719 contra
1178 2674 1397 2729 Aristogit.
1433 2671 1574 2718 versus
1612 2674 1763 2728 finem,
1803 2688 1901 2730 pag.
1927 2689 2027 2730 424.

223 2766 321 2805 124.
353 2754 450 2795 loco
476 2749 650 2805 insigni,
681 2761 804 2801 quem
832 2748 1143 2789 Lowcmus
1172 2763 1214 2785 π.
1246 2753 1286 2790 Υ.
1330 2744 1442 2787 Sect.
1473 2753 1540 2794 23.
1584 2741 1626 2783 in
1664 2742 1698 2784 f.
1730 2743 1917 2786 imitatus
1937 2744 2032 2786 dili·

220 2819 401 2872 gentiam
438 2820 551 2862 haud
582 2818 729 2871 effugit
760 2817 959 2858 Virorum
997 2816 1038 2857 in
1074 2814 1228 2857 Literis
1264 2813 1500 2863 nobilium,
1534 2809 1747 2853 Tounn
1773 2812 1814 2854 &
1841 2812 2030 2856 Ruun-

216 2898 399 2929 KENII.
466 2888 535 2938 1(ιῆ
566 2886 592 2926 ἃ
626 2889 656 2926 ²⁸5²
692 2884 796 2925 xnus-w
832 2886 863 2926 “t‘’
895 2885 1124 2935 ἐτυχηκόταν
1148 2881 1291 2928 ἵκεις-Θ*
1323 2879 1490 2930 &imvm-ff<
1521 2884 1638 2924 ποιεῖ,
1666 2883 1768 2921 πῖθ’
1791 2877 1890 2926 ἕτΘυ
1912 2881 2030 2934 μοναὶ

1956 2965 2024 2987 2OE
